DataNo;Date;Time;Millisecond;Urms-1;Urms-2;Urms-3;Urms-SIGMA;Irms-1;Irms-2;Irms-3;Irms-SIGMA;P-1;P-2;P-3;P-SIGMA;FreqU-1;FreqI-1;Q-1;Q-2;Q-3;Q-SIGMA;S-1;S-2;S-3;S-SIGMA;PF-1;PF-2;PF-3;PF-SIGMA;Uthd-1;Uthd-2;Uthd-3;Ithd-1;Ithd-2;Ithd-3;CfU-1;CfU-2;CfU-3;CfI-1;CfI-2;CfI-3;Idc-1;Idc-2;Idc-3;I(k)-1-Total;I(k)-2-Total;I(k)-3-Total;U(k)-1-Total;U(k)-2-Total;U(k)-3-Total;U(k)-1-500
1;2025/08/20;13:54:47;738;191,503 ;191,487 ;191,355 ;191,448 ;0,35097E+03;0,35394E+03;0,35877E+03;0,35456E+03;26,105E+03;26,566E+03;27,019E+03;79,690E+03;32,629 ;32,656 ;61,935E+03;62,352E+03;63,111E+03;187,398E+03;67,212E+03;67,775E+03;68,651E+03;203,639E+03;0,38840 ;0,39197 ;0,39356 ;0,39133 ;73,257 ;71,243 ;72,226 ;21,865 ;21,771 ;21,899 ;2,169 ;2,177 ;2,187 ;1,780 ;1,782 ;1,780 ;0,00019E+03;0,00000E+03;-0,00132E+03;0,35097E+03;0,35470E+03;0,35781E+03;170,843 ;172,963 ;169,417 ;NAN
2;2025/08/20;13:54:48;235;200,554 ;200,460 ;200,310 ;200,442 ;0,35237E+03;0,35530E+03;0,36030E+03;0,35599E+03;28,632E+03;29,111E+03;29,625E+03;87,368E+03;35,131 ;35,150 ;64,609E+03;65,002E+03;65,811E+03;195,422E+03;70,669E+03;71,223E+03;72,171E+03;214,063E+03;0,40516 ;0,40873 ;0,41048 ;0,40814 ;64,895 ;65,279 ;64,552 ;21,318 ;21,392 ;21,320 ;2,084 ;2,077 ;2,077 ;1,767 ;1,759 ;1,765 ;0,00157E+03;-0,00012E+03;0,00001E+03;0,35181E+03;0,35491E+03;0,35846E+03;180,793 ;179,768 ;179,006 ;NAN
3;2025/08/20;13:54:48;737;209,181 ;209,128 ;209,008 ;209,106 ;0,35461E+03;0,35708E+03;0,36208E+03;0,35792E+03;31,292E+03;31,775E+03;32,263E+03;95,330E+03;37,596 ;37,607 ;67,254E+03;67,578E+03;68,456E+03;203,288E+03;74,177E+03;74,675E+03;75,678E+03;224,531E+03;0,42186 ;0,42551 ;0,42633 ;0,42458 ;58,179 ;58,467 ;57,379 ;20,142 ;20,134 ;20,230 ;1,987 ;1,973 ;1,987 ;1,752 ;1,747 ;1,748 ;0,00100E+03;-0,00055E+03;0,00074E+03;0,35263E+03;0,35497E+03;0,36020E+03;188,362 ;188,450 ;188,683 ;NAN
4;2025/08/20;13:54:49;236;217,221 ;217,183 ;217,034 ;217,146 ;0,35665E+03;0,35915E+03;0,36455E+03;0,36012E+03;34,024E+03;34,497E+03;35,088E+03;103,609E+03;40,096 ;40,049 ;69,601E+03;69,958E+03;70,914E+03;210,473E+03;77,472E+03;78,001E+03;79,120E+03;234,593E+03;0,43918 ;0,44226 ;0,44348 ;0,44166 ;51,434 ;51,610 ;51,062 ;18,700 ;18,550 ;18,907 ;1,880 ;1,885 ;1,881 ;1,762 ;1,759 ;1,747 ;-0,00159E+03;0,00199E+03;0,00021E+03;0,35445E+03;0,35826E+03;0,36366E+03;197,402 ;196,060 ;197,635 ;NAN
5;2025/08/20;13:54:49;736;225,422 ;225,323 ;225,188 ;225,311 ;0,35831E+03;0,36113E+03;0,36645E+03;0,36197E+03;36,856E+03;37,420E+03;38,059E+03;112,335E+03;42,570 ;42,589 ;71,874E+03;72,257E+03;73,221E+03;217,351E+03;80,772E+03;81,372E+03;82,521E+03;244,665E+03;0,45629 ;0,45987 ;0,46120 ;0,45914 ;46,447 ;45,837 ;45,643 ;17,417 ;17,270 ;17,287 ;1,779 ;1,789 ;1,792 ;1,743 ;1,736 ;1,747 ;0,00050E+03;-0,00128E+03;-0,00016E+03;0,35380E+03;0,35795E+03;0,36413E+03;206,076 ;205,728 ;206,169 ;NAN
6;2025/08/20;13:54:50;236;233,089 ;232,973 ;232,842 ;232,968 ;0,36196E+03;0,36438E+03;0,37002E+03;0,36545E+03;40,217E+03;40,749E+03;41,438E+03;122,404E+03;45,068 ;45,077 ;74,166E+03;74,472E+03;75,536E+03;224,174E+03;84,368E+03;84,891E+03;86,156E+03;255,415E+03;0,47669 ;0,48001 ;0,48096 ;0,47923 ;40,924 ;40,949 ;41,020 ;15,583 ;15,534 ;15,609 ;1,704 ;1,697 ;1,703 ;1,743 ;1,732 ;1,733 ;0,00052E+03;-0,00038E+03;0,00051E+03;0,35899E+03;0,36188E+03;0,36728E+03;215,753 ;216,117 ;215,747 ;NAN
7;2025/08/20;13:54:50;738;240,651 ;240,529 ;240,383 ;240,521 ;0,36211E+03;0,36433E+03;0,36969E+03;0,36538E+03;43,197E+03;43,846E+03;44,430E+03;131,473E+03;47,543 ;47,571 ;75,683E+03;75,874E+03;76,962E+03;228,518E+03;87,143E+03;87,632E+03;88,866E+03;263,641E+03;0,49570 ;0,50035 ;0,49997 ;0,49868 ;37,455 ;37,601 ;37,421 ;14,291 ;14,227 ;14,322 ;1,634 ;1,639 ;1,630 ;1,746 ;1,746 ;1,735 ;-0,00026E+03;0,00088E+03;-0,00006E+03;0,36325E+03;0,36469E+03;0,36960E+03;226,020 ;225,956 ;225,963 ;NAN
8;2025/08/20;13:54:51;237;242,890 ;242,853 ;242,746 ;242,830 ;0,31173E+03;0,31137E+03;0,31908E+03;0,31406E+03;46,072E+03;45,997E+03;46,944E+03;139,012E+03;49,998 ;50,058 ;60,086E+03;60,018E+03;61,609E+03;181,713E+03;75,716E+03;75,617E+03;77,456E+03;228,789E+03;0,60848 ;0,60829 ;0,60607 ;0,60760 ;37,370 ;37,524 ;37,146 ;14,060 ;14,189 ;14,232 ;1,603 ;1,594 ;1,615 ;1,827 ;1,823 ;1,800 ;0,00137E+03;-0,00093E+03;0,00000E+03;0,34021E+03;0,33843E+03;0,34289E+03;237,030 ;236,030 ;236,714 ;NAN
9;2025/08/20;13:54:51;734;241,805 ;241,720 ;241,530 ;241,685 ;0,29509E+03;0,29778E+03;0,29979E+03;0,29755E+03;48,615E+03;49,618E+03;49,826E+03;148,060E+03;52,462 ;52,504 ;52,231E+03;52,145E+03;52,539E+03;156,915E+03;71,355E+03;71,980E+03;72,409E+03;215,743E+03;0,68132 ;0,68933 ;0,68813 ;0,68628 ;37,654 ;38,210 ;38,302 ;16,473 ;16,851 ;16,958 ;1,598 ;1,590 ;1,606 ;1,678 ;1,705 ;1,683 ;0,00006E+03;0,00119E+03;-0,00038E+03;0,30595E+03;0,30155E+03;0,30504E+03;235,772 ;236,498 ;234,718 ;NAN
10;2025/08/20;13:54:52;235;240,764 ;240,701 ;240,578 ;240,681 ;0,29959E+03;0,30107E+03;0,30611E+03;0,30226E+03;52,124E+03;52,556E+03;53,363E+03;158,043E+03;54,967 ;55,005 ;49,859E+03;49,893E+03;50,753E+03;150,505E+03;72,131E+03;72,467E+03;73,644E+03;218,242E+03;0,72263 ;0,72524 ;0,72461 ;0,72417 ;38,997 ;38,950 ;38,918 ;18,449 ;18,201 ;17,917 ;1,598 ;1,598 ;1,590 ;1,697 ;1,725 ;1,737 ;0,00045E+03;0,00036E+03;0,00000E+03;0,29088E+03;0,29547E+03;0,30796E+03;235,293 ;235,117 ;234,967 ;NAN
11;2025/08/20;13:54:52;736;242,945 ;242,503 ;242,363 ;242,604 ;0,30025E+03;0,30190E+03;0,30487E+03;0,30234E+03;45,238E+03;45,845E+03;46,198E+03;137,281E+03;57,016 ;56,897 ;57,223E+03;57,079E+03;57,665E+03;171,967E+03;72,945E+03;73,211E+03;73,888E+03;220,044E+03;0,62017 ;0,62621 ;0,62524 ;0,62388 ;38,850 ;39,008 ;38,832 ;17,900 ;18,293 ;18,162 ;1,607 ;1,625 ;1,627 ;1,790 ;1,780 ;1,790 ;0,00113E+03;-0,00088E+03;0,00080E+03;0,30338E+03;0,30101E+03;0,30650E+03;233,543 ;233,740 ;234,949 ;NAN
12;2025/08/20;13:54:53;236;245,421 ;245,307 ;245,192 ;245,307 ;0,28740E+03;0,28955E+03;0,29229E+03;0,28974E+03;37,467E+03;38,329E+03;38,567E+03;114,362E+03;57,132 ;57,146 ;59,760E+03;59,798E+03;60,404E+03;179,962E+03;70,533E+03;71,027E+03;71,667E+03;213,227E+03;0,53119 ;0,53963 ;0,53815 ;0,53634 ;39,573 ;38,827 ;39,741 ;16,320 ;16,421 ;16,662 ;1,605 ;1,603 ;1,602 ;1,859 ;1,859 ;1,847 ;0,00093E+03;0,00031E+03;-0,00095E+03;0,30519E+03;0,30435E+03;0,30752E+03;240,968 ;241,132 ;240,632 ;NAN
13;2025/08/20;13:54:53;737;245,440 ;245,318 ;245,202 ;245,320 ;0,29186E+03;0,29368E+03;0,29752E+03;0,29435E+03;38,086E+03;38,742E+03;39,160E+03;115,988E+03;57,060 ;57,064 ;60,669E+03;60,741E+03;61,551E+03;182,962E+03;71,633E+03;72,045E+03;72,952E+03;216,631E+03;0,53168 ;0,53775 ;0,53679 ;0,53542 ;39,365 ;39,143 ;39,858 ;16,992 ;16,927 ;16,812 ;1,596 ;1,593 ;1,598 ;1,793 ;1,798 ;1,785 ;-0,00110E+03;0,00051E+03;0,00022E+03;0,28935E+03;0,29107E+03;0,29907E+03;239,560 ;238,519 ;238,370 ;NAN
14;2025/08/20;13:54:54;236;245,014 ;244,875 ;244,749 ;244,879 ;0,29117E+03;0,29306E+03;0,29616E+03;0,29346E+03;38,236E+03;39,020E+03;39,290E+03;116,546E+03;57,037 ;57,028 ;60,229E+03;60,227E+03;60,912E+03;181,367E+03;71,341E+03;71,762E+03;72,484E+03;215,587E+03;0,53596 ;0,54374 ;0,54205 ;0,54060 ;39,228 ;39,355 ;39,802 ;16,924 ;16,771 ;16,909 ;1,599 ;1,603 ;1,610 ;1,779 ;1,784 ;1,756 ;0,00073E+03;-0,00003E+03;-0,00016E+03;0,28347E+03;0,28815E+03;0,29192E+03;239,139 ;239,142 ;238,716 ;NAN
15;2025/08/20;13:54:54;738;244,962 ;244,872 ;244,738 ;244,857 ;0,28982E+03;0,29204E+03;0,29631E+03;0,29272E+03;38,211E+03;38,792E+03;39,396E+03;116,399E+03;57,027 ;57,030 ;59,834E+03;60,078E+03;60,884E+03;180,796E+03;70,995E+03;71,513E+03;72,518E+03;215,026E+03;0,53822 ;0,54245 ;0,54326 ;0,54133 ;40,050 ;39,910 ;39,534 ;16,976 ;16,597 ;16,693 ;1,597 ;1,597 ;1,624 ;1,770 ;1,776 ;1,757 ;-0,00052E+03;-0,00024E+03;-0,00010E+03;0,28811E+03;0,29616E+03;0,30106E+03;238,398 ;239,505 ;239,222 ;NAN
16;2025/08/20;13:54:55;235;245,175 ;245,040 ;244,944 ;245,053 ;0,29203E+03;0,29293E+03;0,29765E+03;0,29420E+03;38,347E+03;38,783E+03;39,233E+03;116,363E+03;57,031 ;57,023 ;60,464E+03;60,401E+03;61,451E+03;182,316E+03;71,598E+03;71,780E+03;72,907E+03;216,286E+03;0,53558 ;0,54030 ;0,53812 ;0,53800 ;39,590 ;39,825 ;39,873 ;16,777 ;16,816 ;16,593 ;1,595 ;1,617 ;1,619 ;1,771 ;1,761 ;1,759 ;0,00004E+03;-0,00093E+03;-0,00036E+03;0,29206E+03;0,29264E+03;0,29947E+03;238,954 ;239,081 ;239,354 ;NAN
17;2025/08/20;13:54:55;736;245,469 ;245,328 ;245,222 ;245,339 ;0,29225E+03;0,29436E+03;0,29756E+03;0,29472E+03;38,083E+03;38,878E+03;39,207E+03;116,169E+03;57,028 ;57,036 ;60,795E+03;60,857E+03;61,540E+03;183,192E+03;71,738E+03;72,216E+03;72,968E+03;216,922E+03;0,53087 ;0,53836 ;0,53732 ;0,53553 ;39,394 ;39,898 ;39,799 ;16,863 ;16,669 ;16,926 ;1,596 ;1,602 ;1,612 ;1,764 ;1,766 ;1,757 ;0,00075E+03;0,00010E+03;0,00105E+03;0,29016E+03;0,29313E+03;0,29810E+03;240,278 ;239,099 ;239,231 ;NAN
18;2025/08/20;13:54:56;236;245,186 ;245,041 ;244,925 ;245,050 ;0,29061E+03;0,29166E+03;0,29594E+03;0,29274E+03;38,256E+03;38,776E+03;39,164E+03;116,196E+03;57,027 ;57,019 ;60,112E+03;60,035E+03;60,992E+03;181,139E+03;71,253E+03;71,469E+03;72,483E+03;215,205E+03;0,53691 ;0,54256 ;0,54032 ;0,53993 ;39,639 ;39,929 ;38,789 ;16,770 ;16,946 ;16,461 ;1,597 ;1,603 ;1,592 ;1,792 ;1,770 ;1,784 ;0,00115E+03;0,00039E+03;-0,00012E+03;0,28715E+03;0,28816E+03;0,29711E+03;239,303 ;239,119 ;238,851 ;NAN
19;2025/08/20;13:54:56;737;245,457 ;245,312 ;245,195 ;245,321 ;0,29179E+03;0,29359E+03;0,29746E+03;0,29428E+03;38,135E+03;38,772E+03;39,194E+03;116,101E+03;57,025 ;57,020 ;60,625E+03;60,695E+03;61,510E+03;182,830E+03;71,621E+03;72,022E+03;72,936E+03;216,579E+03;0,53245 ;0,53834 ;0,53737 ;0,53607 ;39,686 ;39,708 ;39,788 ;16,721 ;16,637 ;16,617 ;1,603 ;1,597 ;1,596 ;1,773 ;1,755 ;1,762 ;-0,00005E+03;0,00006E+03;-0,00077E+03;0,29005E+03;0,29449E+03;0,29735E+03;238,811 ;239,454 ;238,909 ;NAN
20;2025/08/20;13:54:57;237;245,331 ;245,256 ;245,120 ;245,236 ;0,29041E+03;0,29306E+03;0,29686E+03;0,29344E+03;38,041E+03;38,733E+03;39,310E+03;116,084E+03;57,028 ;57,031 ;60,239E+03;60,545E+03;61,234E+03;182,018E+03;71,245E+03;71,875E+03;72,766E+03;215,886E+03;0,53395 ;0,53890 ;0,54022 ;0,53771 ;39,834 ;39,744 ;39,653 ;16,885 ;16,578 ;16,610 ;1,592 ;1,593 ;1,598 ;1,787 ;1,763 ;1,767 ;-0,00103E+03;-0,00053E+03;0,00068E+03;0,28735E+03;0,29394E+03;0,30004E+03;238,941 ;239,533 ;239,528 ;NAN
21;2025/08/20;13:54:57;737;245,415 ;245,287 ;245,163 ;245,289 ;0,29077E+03;0,29253E+03;0,29618E+03;0,29316E+03;38,053E+03;38,729E+03;39,097E+03;115,879E+03;57,025 ;57,022 ;60,367E+03;60,404E+03;61,187E+03;181,958E+03;71,360E+03;71,753E+03;72,611E+03;215,725E+03;0,53325 ;0,53975 ;0,53845 ;0,53716 ;39,443 ;40,205 ;38,998 ;16,690 ;16,850 ;16,475 ;1,598 ;1,604 ;1,609 ;1,777 ;1,767 ;1,753 ;0,00126E+03;-0,00016E+03;-0,00024E+03;0,29330E+03;0,28844E+03;0,29959E+03;239,943 ;238,288 ;239,524 ;NAN
22;2025/08/20;13:54:58;238;245,248 ;245,120 ;244,998 ;245,122 ;0,29004E+03;0,29188E+03;0,29566E+03;0,29253E+03;38,020E+03;38,667E+03;39,090E+03;115,777E+03;57,028 ;57,019 ;60,120E+03;60,197E+03;60,984E+03;181,301E+03;71,133E+03;71,546E+03;72,437E+03;215,116E+03;0,53449 ;0,54045 ;0,53964 ;0,53821 ;39,959 ;39,854 ;39,604 ;16,915 ;16,832 ;16,576 ;1,598 ;1,597 ;1,595 ;1,767 ;1,776 ;1,767 ;0,00071E+03;0,00032E+03;0,00013E+03;0,28415E+03;0,28995E+03;0,29750E+03;239,501 ;239,028 ;239,000 ;NAN
23;2025/08/20;13:54:58;738;245,292 ;245,125 ;245,024 ;245,147 ;0,29058E+03;0,29304E+03;0,29656E+03;0,29339E+03;37,922E+03;38,650E+03;39,142E+03;115,714E+03;57,026 ;57,031 ;60,352E+03;60,546E+03;61,221E+03;182,119E+03;71,277E+03;71,830E+03;72,664E+03;215,772E+03;0,53203 ;0,53807 ;0,53867 ;0,53628 ;39,984 ;39,652 ;38,787 ;16,853 ;16,682 ;16,733 ;1,595 ;1,604 ;1,585 ;1,772 ;1,757 ;1,752 ;0,00080E+03;-0,00042E+03;0,00115E+03;0,28785E+03;0,29125E+03;0,29653E+03;238,356 ;239,596 ;239,132 ;NAN
24;2025/08/20;13:54:59;235;245,455 ;245,326 ;245,217 ;245,333 ;0,29095E+03;0,29291E+03;0,29709E+03;0,29365E+03;37,984E+03;38,573E+03;39,104E+03;115,661E+03;57,028 ;57,028 ;60,475E+03;60,628E+03;61,467E+03;182,570E+03;71,415E+03;71,858E+03;72,851E+03;216,124E+03;0,53188 ;0,53679 ;0,53677 ;0,53516 ;39,580 ;39,596 ;38,983 ;16,589 ;16,819 ;16,442 ;1,617 ;1,599 ;1,601 ;1,778 ;1,775 ;1,752 ;0,00027E+03;-0,00015E+03;-0,00139E+03;0,29344E+03;0,29019E+03;0,30063E+03;239,142 ;239,251 ;238,898 ;NAN
25;2025/08/20;13:54:59;737;245,481 ;245,372 ;245,256 ;245,370 ;0,29110E+03;0,29325E+03;0,29700E+03;0,29378E+03;37,957E+03;38,639E+03;39,092E+03;115,688E+03;57,025 ;57,029 ;60,544E+03;60,701E+03;61,462E+03;182,708E+03;71,459E+03;71,956E+03;72,841E+03;216,255E+03;0,53118 ;0,53699 ;0,53667 ;0,53496 ;39,729 ;40,226 ;39,682 ;16,690 ;16,569 ;16,710 ;1,601 ;1,591 ;1,607 ;1,791 ;1,751 ;1,771 ;-0,00023E+03;-0,00004E+03;-0,00049E+03;0,28946E+03;0,29327E+03;0,29551E+03;239,858 ;239,298 ;239,335 ;NAN
26;2025/08/20;13:55:00;236;245,214 ;245,141 ;245,002 ;245,119 ;0,28858E+03;0,29105E+03;0,29449E+03;0,29137E+03;37,803E+03;38,554E+03;39,005E+03;115,362E+03;57,025 ;57,032 ;59,820E+03;60,035E+03;60,698E+03;180,553E+03;70,764E+03;71,349E+03;72,150E+03;214,263E+03;0,53422 ;0,54036 ;0,54061 ;0,53842 ;39,705 ;39,805 ;39,743 ;16,912 ;16,608 ;16,717 ;1,602 ;1,599 ;1,598 ;1,793 ;1,755 ;1,760 ;-0,00087E+03;0,00014E+03;0,00080E+03;0,28733E+03;0,29200E+03;0,30100E+03;239,767 ;239,083 ;239,248 ;NAN
27;2025/08/20;13:55:00;737;245,312 ;245,181 ;245,073 ;245,189 ;0,29074E+03;0,29225E+03;0,29667E+03;0,29322E+03;37,938E+03;38,454E+03;38,947E+03;115,338E+03;57,025 ;57,024 ;60,394E+03;60,460E+03;61,396E+03;182,250E+03;71,321E+03;71,653E+03;72,707E+03;215,681E+03;0,53193 ;0,53667 ;0,53567 ;0,53476 ;39,732 ;39,267 ;39,766 ;16,623 ;16,752 ;16,569 ;1,594 ;1,601 ;1,605 ;1,784 ;1,765 ;1,765 ;0,00083E+03;0,00036E+03;-0,00021E+03;0,29432E+03;0,28949E+03;0,29935E+03;239,902 ;239,271 ;238,816 ;NAN
28;2025/08/20;13:55:01;237;245,254 ;245,122 ;244,990 ;245,122 ;0,29010E+03;0,29195E+03;0,29509E+03;0,29238E+03;37,826E+03;38,597E+03;38,869E+03;115,292E+03;57,027 ;57,019 ;60,260E+03;60,263E+03;60,957E+03;181,480E+03;71,148E+03;71,564E+03;72,295E+03;215,007E+03;0,53165 ;0,53933 ;0,53765 ;0,53622 ;39,526 ;39,832 ;39,660 ;16,831 ;16,811 ;16,847 ;1,593 ;1,598 ;1,616 ;1,766 ;1,769 ;1,764 ;0,00099E+03;-0,00017E+03;-0,00022E+03;0,28763E+03;0,28916E+03;0,29905E+03;239,633 ;239,188 ;239,571 ;NAN
29;2025/08/20;13:55:01;736;245,293 ;245,149 ;245,055 ;245,166 ;0,28995E+03;0,29252E+03;0,29657E+03;0,29301E+03;37,781E+03;38,410E+03;39,040E+03;115,232E+03;57,026 ;57,031 ;60,258E+03;60,558E+03;61,299E+03;182,115E+03;71,123E+03;71,712E+03;72,675E+03;215,510E+03;0,53121 ;0,53562 ;0,53719 ;0,53469 ;39,903 ;39,860 ;39,849 ;17,089 ;16,734 ;16,561 ;1,618 ;1,603 ;1,591 ;1,776 ;1,756 ;1,763 ;0,00189E+03;-0,00066E+03;0,00039E+03;0,28443E+03;0,29040E+03;0,30134E+03;239,542 ;238,138 ;239,408 ;NAN
30;2025/08/20;13:55:02;235;245,503 ;245,354 ;245,257 ;245,371 ;0,29116E+03;0,29242E+03;0,29673E+03;0,29344E+03;37,864E+03;38,393E+03;38,817E+03;115,074E+03;57,028 ;57,032 ;60,630E+03;60,608E+03;61,559E+03;182,797E+03;71,482E+03;71,745E+03;72,775E+03;216,002E+03;0,52970 ;0,53513 ;0,53338 ;0,53274 ;39,673 ;39,880 ;39,770 ;16,700 ;17,044 ;16,657 ;1,601 ;1,607 ;1,605 ;1,780 ;1,766 ;1,778 ;0,00029E+03;0,00115E+03;-0,00089E+03;0,29071E+03;0,28576E+03;0,29689E+03;239,461 ;238,433 ;239,615 ;NAN
31;2025/08/20;13:55:02;736;245,301 ;245,184 ;245,091 ;245,192 ;0,28969E+03;0,29131E+03;0,29551E+03;0,29217E+03;37,884E+03;38,450E+03;38,909E+03;115,243E+03;57,023 ;57,029 ;60,120E+03;60,193E+03;61,087E+03;181,400E+03;71,061E+03;71,425E+03;72,426E+03;214,913E+03;0,53312 ;0,53833 ;0,53723 ;0,53623 ;39,182 ;39,513 ;39,493 ;16,435 ;16,648 ;16,649 ;1,607 ;1,609 ;1,600 ;1,780 ;1,771 ;1,758 ;-0,00071E+03;0,00017E+03;0,00127E+03;0,29217E+03;0,29207E+03;0,29716E+03;239,635 ;239,692 ;238,847 ;NAN
32;2025/08/20;13:55:03;237;245,468 ;245,403 ;245,268 ;245,379 ;0,28957E+03;0,29242E+03;0,29630E+03;0,29276E+03;37,646E+03;38,334E+03;38,963E+03;114,942E+03;57,027 ;57,033 ;60,292E+03;60,664E+03;61,344E+03;182,300E+03;71,079E+03;71,761E+03;72,672E+03;215,512E+03;0,52963 ;0,53418 ;0,53615 ;0,53334 ;39,216 ;39,639 ;39,700 ;16,749 ;16,499 ;16,672 ;1,598 ;1,595 ;1,603 ;1,804 ;1,768 ;1,769 ;0,00209E+03;-0,00003E+03;-0,00021E+03;0,28834E+03;0,29277E+03;0,30231E+03;239,760 ;238,711 ;239,548 ;NAN
33;2025/08/20;13:55:03;737;245,436 ;245,327 ;245,214 ;245,326 ;0,29042E+03;0,29248E+03;0,29659E+03;0,29316E+03;37,810E+03;38,408E+03;38,936E+03;115,154E+03;57,025 ;57,023 ;60,426E+03;60,609E+03;61,426E+03;182,462E+03;71,280E+03;71,754E+03;72,727E+03;215,761E+03;0,53044 ;0,53527 ;0,53538 ;0,53371 ;39,807 ;39,932 ;39,556 ;16,693 ;17,056 ;16,595 ;1,599 ;1,598 ;1,610 ;1,780 ;1,775 ;1,766 ;-0,00036E+03;-0,00219E+03;-0,00072E+03;0,29033E+03;0,28479E+03;0,29630E+03;239,667 ;238,560 ;239,704 ;NAN
34;2025/08/20;13:55:04;237;245,491 ;245,362 ;245,244 ;245,366 ;0,29002E+03;0,29185E+03;0,29534E+03;0,29240E+03;37,766E+03;38,479E+03;38,815E+03;115,060E+03;57,025 ;57,024 ;60,354E+03;60,393E+03;61,152E+03;181,900E+03;71,197E+03;71,610E+03;72,431E+03;215,237E+03;0,53045 ;0,53734 ;0,53590 ;0,53457 ;39,313 ;39,911 ;39,458 ;16,658 ;16,820 ;16,854 ;1,593 ;1,601 ;1,599 ;1,795 ;1,779 ;1,760 ;0,00008E+03;0,00149E+03;0,00036E+03;0,29365E+03;0,29023E+03;0,29922E+03;239,278 ;238,655 ;239,948 ;NAN
35;2025/08/20;13:55:04;738;245,562 ;245,411 ;245,314 ;245,429 ;0,29045E+03;0,29252E+03;0,29630E+03;0,29309E+03;37,733E+03;38,397E+03;38,861E+03;114,991E+03;57,028 ;57,033 ;60,525E+03;60,655E+03;61,425E+03;182,605E+03;71,324E+03;71,787E+03;72,685E+03;215,796E+03;0,52904 ;0,53488 ;0,53464 ;0,53287 ;39,554 ;39,564 ;39,680 ;16,906 ;16,654 ;16,688 ;1,599 ;1,611 ;1,602 ;1,774 ;1,762 ;1,767 ;0,00038E+03;-0,00002E+03;-0,00040E+03;0,28833E+03;0,29290E+03;0,30032E+03;239,371 ;239,364 ;238,142 ;NAN
36;2025/08/20;13:55:05;237;245,360 ;245,233 ;245,136 ;245,243 ;0,28855E+03;0,29070E+03;0,29484E+03;0,29136E+03;37,674E+03;38,265E+03;38,827E+03;114,766E+03;57,024 ;57,032 ;59,943E+03;60,149E+03;60,960E+03;181,052E+03;70,799E+03;71,289E+03;72,275E+03;214,362E+03;0,53212 ;0,53676 ;0,53721 ;0,53538 ;39,668 ;39,876 ;39,680 ;16,701 ;16,952 ;16,672 ;1,598 ;1,599 ;1,592 ;1,792 ;1,764 ;1,772 ;0,00077E+03;-0,00081E+03;-0,00001E+03;0,29346E+03;0,28837E+03;0,29816E+03;239,801 ;239,723 ;239,071 ;NAN
37;2025/08/20;13:55:05;739;245,334 ;245,223 ;245,114 ;245,223 ;0,29028E+03;0,29159E+03;0,29546E+03;0,29244E+03;37,750E+03;38,370E+03;38,686E+03;114,806E+03;57,026 ;57,030 ;60,387E+03;60,337E+03;61,222E+03;181,947E+03;71,216E+03;71,504E+03;72,421E+03;215,141E+03;0,53008 ;0,53661 ;0,53418 ;0,53363 ;38,776 ;39,584 ;39,829 ;16,563 ;16,800 ;16,820 ;1,594 ;1,594 ;1,597 ;1,774 ;1,773 ;1,749 ;0,00013E+03;0,00058E+03;0,00059E+03;0,28990E+03;0,29131E+03;0,29456E+03;239,362 ;238,901 ;238,832 ;NAN
38;2025/08/20;13:55:06;236;245,435 ;245,324 ;245,192 ;245,317 ;0,29022E+03;0,29213E+03;0,29568E+03;0,29268E+03;37,674E+03;38,381E+03;38,742E+03;114,797E+03;57,025 ;57,030 ;60,453E+03;60,524E+03;61,279E+03;182,256E+03;71,231E+03;71,667E+03;72,499E+03;215,397E+03;0,52890 ;0,53554 ;0,53438 ;0,53295 ;39,075 ;39,797 ;39,526 ;16,813 ;16,694 ;16,850 ;1,617 ;1,607 ;1,599 ;1,778 ;1,758 ;1,762 ;0,00077E+03;-0,00016E+03;0,00028E+03;0,28842E+03;0,28963E+03;0,29390E+03;239,132 ;238,850 ;239,169 ;NAN
39;2025/08/20;13:55:06;738;245,566 ;245,466 ;245,343 ;245,458 ;0,28996E+03;0,29214E+03;0,29578E+03;0,29262E+03;37,606E+03;38,305E+03;38,743E+03;114,654E+03;57,028 ;57,025 ;60,463E+03;60,623E+03;61,358E+03;182,444E+03;71,204E+03;71,711E+03;72,566E+03;215,481E+03;0,52815 ;0,53416 ;0,53390 ;0,53209 ;39,670 ;39,762 ;39,825 ;16,526 ;16,913 ;16,628 ;1,597 ;1,594 ;1,602 ;1,777 ;1,777 ;1,754 ;-0,00020E+03;-0,00031E+03;-0,00128E+03;0,29527E+03;0,28938E+03;0,29865E+03;239,877 ;239,192 ;239,171 ;NAN
40;2025/08/20;13:55:07;236;245,428 ;245,284 ;245,218 ;245,310 ;0,28878E+03;0,29074E+03;0,29487E+03;0,29146E+03;37,646E+03;38,244E+03;38,773E+03;114,663E+03;57,024 ;57,041 ;60,050E+03;60,192E+03;61,032E+03;181,274E+03;70,875E+03;71,314E+03;72,307E+03;214,496E+03;0,53116 ;0,53628 ;0,53623 ;0,53457 ;39,878 ;39,810 ;39,461 ;16,720 ;16,587 ;17,040 ;1,602 ;1,601 ;1,602 ;1,788 ;1,754 ;1,760 ;-0,00278E+03;0,00041E+03;0,00016E+03;0,28919E+03;0,29165E+03;0,29129E+03;239,520 ;238,931 ;239,956 ;NAN
41;2025/08/20;13:55:07;737;245,352 ;245,214 ;245,123 ;245,230 ;0,28894E+03;0,29092E+03;0,29479E+03;0,29155E+03;37,584E+03;38,226E+03;38,700E+03;114,510E+03;57,027 ;57,035 ;60,110E+03;60,231E+03;61,023E+03;181,363E+03;70,893E+03;71,337E+03;72,260E+03;214,489E+03;0,53016 ;0,53585 ;0,53556 ;0,53387 ;39,608 ;39,576 ;39,668 ;16,839 ;16,535 ;16,618 ;1,597 ;1,604 ;1,589 ;1,773 ;1,783 ;1,752 ;0,00229E+03;0,00006E+03;-0,00024E+03;0,28681E+03;0,29062E+03;0,29671E+03;239,969 ;239,507 ;239,365 ;NAN
42;2025/08/20;13:55:08;237;245,495 ;245,359 ;245,248 ;245,367 ;0,28978E+03;0,29225E+03;0,29578E+03;0,29261E+03;37,523E+03;38,249E+03;38,733E+03;114,505E+03;57,025 ;57,030 ;60,439E+03;60,654E+03;61,334E+03;182,427E+03;71,140E+03;71,707E+03;72,540E+03;215,387E+03;0,52746 ;0,53340 ;0,53395 ;0,53162 ;39,640 ;39,808 ;39,725 ;16,584 ;16,897 ;16,594 ;1,599 ;1,595 ;1,602 ;1,770 ;1,766 ;1,766 ;0,00020E+03;-0,00043E+03;0,00009E+03;0,29367E+03;0,28657E+03;0,29530E+03;239,727 ;238,755 ;239,471 ;NAN
43;2025/08/20;13:55:08;737;245,547 ;245,454 ;245,348 ;245,450 ;0,28973E+03;0,29117E+03;0,29561E+03;0,29217E+03;37,659E+03;38,182E+03;38,656E+03;114,497E+03;57,028 ;57,033 ;60,356E+03;60,413E+03;61,367E+03;182,136E+03;71,141E+03;71,468E+03;72,527E+03;215,136E+03;0,52935 ;0,53426 ;0,53299 ;0,53221 ;39,682 ;39,703 ;39,951 ;16,418 ;16,786 ;16,982 ;1,611 ;1,608 ;1,623 ;1,786 ;1,765 ;1,751 ;0,00144E+03;-0,00025E+03;0,00028E+03;0,29499E+03;0,29136E+03;0,29482E+03;240,150 ;239,395 ;238,799 ;NAN
44;2025/08/20;13:55:09;237;245,345 ;245,242 ;245,123 ;245,237 ;0,28841E+03;0,29020E+03;0,29418E+03;0,29093E+03;37,572E+03;38,187E+03;38,629E+03;114,388E+03;57,022 ;57,032 ;59,960E+03;60,056E+03;60,891E+03;180,907E+03;70,760E+03;71,169E+03;72,110E+03;214,038E+03;0,53098 ;0,53658 ;0,53569 ;0,53443 ;39,639 ;39,726 ;40,051 ;16,766 ;16,628 ;16,708 ;1,602 ;1,592 ;1,600 ;1,780 ;1,763 ;1,751 ;-0,00069E+03;0,00051E+03;0,00009E+03;0,28821E+03;0,29029E+03;0,29588E+03;239,657 ;239,494 ;239,562 ;NAN
45;2025/08/20;13:55:09;737;245,380 ;245,271 ;245,136 ;245,262 ;0,28936E+03;0,29169E+03;0,29504E+03;0,29203E+03;37,494E+03;38,248E+03;38,662E+03;114,405E+03;57,027 ;57,022 ;60,295E+03;60,461E+03;61,125E+03;181,881E+03;71,002E+03;71,544E+03;72,326E+03;214,872E+03;0,52807 ;0,53461 ;0,53455 ;0,53243 ;39,513 ;39,680 ;39,589 ;16,541 ;16,775 ;16,743 ;1,607 ;1,607 ;1,592 ;1,771 ;1,767 ;1,756 ;0,00120E+03;-0,00012E+03;-0,00032E+03;0,29096E+03;0,28637E+03;0,29251E+03;239,577 ;239,373 ;239,140 ;NAN
46;2025/08/20;13:55:10;237;245,458 ;245,286 ;245,197 ;245,314 ;0,28928E+03;0,29120E+03;0,29442E+03;0,29163E+03;37,498E+03;38,264E+03;38,578E+03;114,340E+03;57,025 ;57,033 ;60,297E+03;60,314E+03;61,019E+03;181,630E+03;71,006E+03;71,428E+03;72,191E+03;214,624E+03;0,52810 ;0,53570 ;0,53438 ;0,53274 ;39,435 ;40,267 ;39,444 ;16,722 ;16,729 ;16,852 ;1,602 ;1,598 ;1,604 ;1,773 ;1,778 ;1,764 ;0,00008E+03;-0,00039E+03;0,00047E+03;0,29038E+03;0,29219E+03;0,29205E+03;239,804 ;238,574 ;239,564 ;NAN
47;2025/08/20;13:55:10;736;245,542 ;245,401 ;245,301 ;245,415 ;0,28928E+03;0,29149E+03;0,29598E+03;0,29225E+03;37,563E+03;38,087E+03;38,758E+03;114,407E+03;57,027 ;57,027 ;60,285E+03;60,549E+03;61,394E+03;182,228E+03;71,030E+03;71,531E+03;72,604E+03;215,166E+03;0,52883 ;0,53245 ;0,53382 ;0,53172 ;39,611 ;39,238 ;39,810 ;16,771 ;16,490 ;16,705 ;1,596 ;1,603 ;1,596 ;1,790 ;1,770 ;1,753 ;0,00038E+03;0,00043E+03;0,00009E+03;0,28850E+03;0,28988E+03;0,29605E+03;239,979 ;238,887 ;238,190 ;NAN
48;2025/08/20;13:55:11;236;245,662 ;245,527 ;245,416 ;245,535 ;0,28956E+03;0,29147E+03;0,29547E+03;0,29217E+03;37,518E+03;38,130E+03;38,605E+03;114,253E+03;57,025 ;57,029 ;60,435E+03;60,559E+03;61,382E+03;182,377E+03;71,134E+03;71,564E+03;72,513E+03;215,211E+03;0,52742 ;0,53282 ;0,53239 ;0,53089 ;39,791 ;39,487 ;39,612 ;16,543 ;16,814 ;16,608 ;1,616 ;1,604 ;1,612 ;1,784 ;1,789 ;1,773 ;0,00023E+03;-0,00033E+03;-0,00101E+03;0,29250E+03;0,28730E+03;0,29434E+03;239,961 ;239,189 ;239,017 ;NAN
49;2025/08/20;13:55:11;737;245,537 ;245,455 ;245,332 ;245,441 ;0,28829E+03;0,29064E+03;0,29462E+03;0,29118E+03;37,457E+03;38,095E+03;38,655E+03;114,206E+03;57,025 ;57,027 ;60,063E+03;60,315E+03;61,076E+03;181,453E+03;70,785E+03;71,338E+03;72,281E+03;214,403E+03;0,52916 ;0,53400 ;0,53479 ;0,53267 ;39,692 ;39,724 ;39,914 ;16,577 ;16,531 ;16,850 ;1,598 ;1,598 ;1,594 ;1,779 ;1,778 ;1,762 ;0,00084E+03;0,00018E+03;0,00011E+03;0,28983E+03;0,29164E+03;0,29240E+03;239,306 ;239,856 ;239,395 ;NAN
50;2025/08/20;13:55:12;236;245,536 ;245,428 ;245,302 ;245,422 ;0,28815E+03;0,29040E+03;0,29399E+03;0,29085E+03;37,424E+03;38,131E+03;38,575E+03;114,131E+03;57,023 ;57,029 ;60,044E+03;60,213E+03;60,932E+03;181,188E+03;70,752E+03;71,271E+03;72,116E+03;214,139E+03;0,52895 ;0,53502 ;0,53490 ;0,53298 ;39,686 ;39,901 ;39,778 ;16,693 ;16,561 ;16,694 ;1,600 ;1,605 ;1,616 ;1,777 ;1,793 ;1,760 ;0,00084E+03;-0,00037E+03;0,00044E+03;0,28905E+03;0,29172E+03;0,29373E+03;239,661 ;239,414 ;239,294 ;NAN
51;2025/08/20;13:55:12;738;245,487 ;245,354 ;245,228 ;245,356 ;0,28990E+03;0,29152E+03;0,29533E+03;0,29225E+03;37,539E+03;38,175E+03;38,551E+03;114,265E+03;57,026 ;57,017 ;60,461E+03;60,487E+03;61,310E+03;182,257E+03;71,167E+03;71,526E+03;72,423E+03;215,115E+03;0,52747 ;0,53372 ;0,53231 ;0,53118 ;39,455 ;39,774 ;40,095 ;16,346 ;16,771 ;16,818 ;1,596 ;1,595 ;1,610 ;1,784 ;1,771 ;1,778 ;0,00045E+03;0,00029E+03;-0,00039E+03;0,29411E+03;0,28622E+03;0,29059E+03;240,323 ;238,987 ;239,039 ;NAN
52;2025/08/20;13:55:13;238;245,483 ;245,317 ;245,231 ;245,344 ;0,28785E+03;0,28993E+03;0,29333E+03;0,29037E+03;37,213E+03;37,944E+03;38,328E+03;113,485E+03;57,028 ;57,036 ;60,070E+03;60,157E+03;60,872E+03;181,099E+03;70,663E+03;71,124E+03;71,933E+03;213,720E+03;0,52663 ;0,53349 ;0,53283 ;0,53100 ;39,659 ;39,820 ;39,573 ;16,650 ;16,741 ;16,965 ;1,594 ;1,602 ;1,619 ;1,771 ;1,770 ;1,752 ;0,00064E+03;-0,00059E+03;0,00034E+03;0,28876E+03;0,29102E+03;0,28989E+03;239,983 ;239,249 ;238,713 ;NAN
53;2025/08/20;13:55:13;738;245,708 ;245,551 ;245,436 ;245,565 ;0,28804E+03;0,29008E+03;0,29374E+03;0,29062E+03;36,877E+03;37,555E+03;37,994E+03;112,426E+03;57,031 ;57,032 ;60,408E+03;60,525E+03;61,269E+03;182,203E+03;70,775E+03;71,230E+03;72,093E+03;214,098E+03;0,52105 ;0,52723 ;0,52701 ;0,52511 ;39,939 ;39,485 ;39,853 ;17,048 ;16,649 ;16,918 ;1,608 ;1,617 ;1,595 ;1,782 ;1,773 ;1,766 ;0,00011E+03;0,00091E+03;0,00023E+03;0,28466E+03;0,28857E+03;0,29254E+03;239,111 ;239,360 ;239,107 ;NAN
54;2025/08/20;13:55:14;236;246,019 ;245,858 ;245,733 ;245,870 ;0,28694E+03;0,28893E+03;0,29212E+03;0,28933E+03;36,369E+03;37,127E+03;37,434E+03;110,929E+03;57,033 ;57,026 ;60,505E+03;60,562E+03;61,251E+03;182,317E+03;70,594E+03;71,036E+03;71,784E+03;213,414E+03;0,51518 ;0,52265 ;0,52148 ;0,51978 ;39,566 ;40,065 ;39,793 ;16,636 ;16,865 ;16,948 ;1,611 ;1,592 ;1,617 ;1,804 ;1,788 ;1,775 ;0,00008E+03;-0,00048E+03;-0,00060E+03;0,29009E+03;0,28726E+03;0,28925E+03;239,821 ;239,703 ;239,467 ;NAN
55;2025/08/20;13:55:14;736;246,096 ;245,975 ;245,849 ;245,974 ;0,28568E+03;0,28749E+03;0,29143E+03;0,28820E+03;36,005E+03;36,611E+03;37,055E+03;109,671E+03;57,032 ;57,030 ;60,385E+03;60,499E+03;61,322E+03;182,206E+03;70,304E+03;70,714E+03;71,648E+03;212,667E+03;0,51213 ;0,51773 ;0,51718 ;0,51569 ;39,459 ;39,843 ;39,380 ;16,891 ;16,486 ;17,005 ;1,594 ;1,604 ;1,602 ;1,808 ;1,785 ;1,797 ;0,00103E+03;-0,00027E+03;-0,00012E+03;0,28557E+03;0,28989E+03;0,28746E+03;240,236 ;239,181 ;239,512 ;NAN
56;2025/08/20;13:55:15;236;245,862 ;245,745 ;245,623 ;245,743 ;0,28312E+03;0,28485E+03;0,28819E+03;0,28539E+03;35,793E+03;36,502E+03;36,793E+03;109,089E+03;57,026 ;57,024 ;59,700E+03;59,730E+03;60,474E+03;179,904E+03;69,608E+03;70,000E+03;70,787E+03;210,395E+03;0,51421 ;0,52146 ;0,51977 ;0,51849 ;39,620 ;39,984 ;39,673 ;16,820 ;17,034 ;16,721 ;1,612 ;1,604 ;1,605 ;1,807 ;1,793 ;1,803 ;0,00008E+03;-0,00029E+03;0,00046E+03;0,28537E+03;0,28199E+03;0,29081E+03;240,884 ;239,512 ;239,601 ;NAN
57;2025/08/20;13:55:15;736;246,150 ;245,999 ;245,912 ;246,020 ;0,28478E+03;0,28668E+03;0,29039E+03;0,28728E+03;35,767E+03;36,427E+03;36,835E+03;109,029E+03;57,026 ;57,038 ;60,287E+03;60,387E+03;61,177E+03;181,850E+03;70,099E+03;70,523E+03;71,410E+03;212,032E+03;0,51025 ;0,51652 ;0,51582 ;0,51421 ;39,786 ;39,820 ;39,987 ;16,391 ;16,780 ;17,266 ;1,595 ;1,600 ;1,593 ;1,795 ;1,800 ;1,798 ;0,00117E+03;-0,00013E+03;-0,00055E+03;0,29022E+03;0,28798E+03;0,28572E+03;240,470 ;240,217 ;239,837 ;NAN
58;2025/08/20;13:55:16;236;245,946 ;245,808 ;245,709 ;245,821 ;0,28406E+03;0,28624E+03;0,29005E+03;0,28678E+03;35,860E+03;36,495E+03;36,992E+03;109,347E+03;57,023 ;57,029 ;59,959E+03;60,155E+03;60,916E+03;181,030E+03;69,864E+03;70,360E+03;71,268E+03;211,492E+03;0,51328 ;0,51870 ;0,51906 ;0,51703 ;39,815 ;39,937 ;39,629 ;16,800 ;16,725 ;16,906 ;1,604 ;1,593 ;1,591 ;1,808 ;1,775 ;1,769 ;-0,00018E+03;0,00047E+03;0,00024E+03;0,28166E+03;0,28382E+03;0,28566E+03;239,661 ;239,921 ;239,494 ;NAN
59;2025/08/20;13:55:16;736;246,133 ;245,999 ;245,877 ;246,003 ;0,28506E+03;0,28667E+03;0,29114E+03;0,28762E+03;35,876E+03;36,358E+03;36,872E+03;109,106E+03;57,023 ;57,015 ;60,298E+03;60,424E+03;61,359E+03;182,081E+03;70,164E+03;70,519E+03;71,585E+03;212,268E+03;0,51132 ;0,51558 ;0,51508 ;0,51400 ;39,948 ;40,013 ;39,756 ;16,805 ;16,880 ;16,747 ;1,597 ;1,594 ;1,599 ;1,800 ;1,786 ;1,791 ;0,00003E+03;-0,00041E+03;0,00027E+03;0,28670E+03;0,28501E+03;0,29115E+03;240,234 ;239,790 ;240,316 ;NAN
60;2025/08/20;13:55:17;235;246,340 ;246,205 ;246,102 ;246,216 ;0,28574E+03;0,28705E+03;0,29115E+03;0,28798E+03;35,883E+03;36,440E+03;36,810E+03;109,133E+03;57,025 ;57,023 ;60,557E+03;60,554E+03;61,475E+03;182,586E+03;70,389E+03;70,673E+03;71,653E+03;212,716E+03;0,50977 ;0,51562 ;0,51373 ;0,51305 ;39,784 ;39,744 ;40,319 ;16,381 ;16,850 ;17,079 ;1,608 ;1,601 ;1,596 ;1,803 ;1,793 ;1,808 ;0,00040E+03;0,00017E+03;-0,00042E+03;0,29157E+03;0,28786E+03;0,28724E+03;241,423 ;240,994 ;239,652 ;NAN
61;2025/08/20;13:55:17;736;246,427 ;246,296 ;246,193 ;246,305 ;0,28354E+03;0,28570E+03;0,28910E+03;0,28611E+03;35,674E+03;36,405E+03;36,800E+03;108,879E+03;57,022 ;57,037 ;60,078E+03;60,218E+03;60,923E+03;181,219E+03;69,871E+03;70,368E+03;71,175E+03;211,414E+03;0,51057 ;0,51736 ;0,51704 ;0,51501 ;39,757 ;39,790 ;39,587 ;16,833 ;16,346 ;17,015 ;1,596 ;1,603 ;1,607 ;1,834 ;1,814 ;1,808 ;-0,00053E+03;-0,00008E+03;0,00063E+03;0,28749E+03;0,29518E+03;0,29011E+03;240,669 ;241,222 ;240,896 ;NAN
62;2025/08/20;13:55:18;234;246,407 ;246,263 ;246,166 ;246,279 ;0,28498E+03;0,28700E+03;0,29054E+03;0,28751E+03;35,773E+03;36,460E+03;36,864E+03;109,097E+03;57,024 ;57,028 ;60,426E+03;60,547E+03;61,288E+03;182,261E+03;70,221E+03;70,677E+03;71,521E+03;212,419E+03;0,50944 ;0,51586 ;0,51543 ;0,51359 ;39,996 ;39,827 ;39,314 ;16,656 ;16,796 ;16,742 ;1,596 ;1,611 ;1,599 ;1,799 ;1,801 ;1,798 ;0,00137E+03;-0,00081E+03;-0,00087E+03;0,28524E+03;0,28498E+03;0,28843E+03;239,887 ;239,973 ;239,935 ;NAN
63;2025/08/20;13:55:18;736;246,095 ;245,968 ;245,855 ;245,973 ;0,28256E+03;0,28463E+03;0,28821E+03;0,28513E+03;35,719E+03;36,397E+03;36,806E+03;108,922E+03;57,021 ;57,032 ;59,662E+03;59,804E+03;60,549E+03;180,016E+03;69,537E+03;70,009E+03;70,858E+03;210,405E+03;0,51366 ;0,51989 ;0,51944 ;0,51768 ;40,050 ;39,879 ;39,735 ;16,677 ;16,821 ;16,936 ;1,596 ;1,596 ;1,604 ;1,799 ;1,795 ;1,786 ;0,00039E+03;0,00037E+03;0,00048E+03;0,28530E+03;0,28618E+03;0,28756E+03;240,201 ;240,987 ;239,883 ;NAN
64;2025/08/20;13:55:19;236;246,153 ;246,048 ;245,928 ;246,043 ;0,28480E+03;0,28693E+03;0,29037E+03;0,28737E+03;35,701E+03;36,417E+03;36,798E+03;108,916E+03;57,026 ;57,023 ;60,333E+03;60,481E+03;61,200E+03;182,014E+03;70,104E+03;70,599E+03;71,411E+03;212,114E+03;0,50925 ;0,51584 ;0,51530 ;0,51348 ;39,683 ;40,096 ;39,882 ;16,602 ;16,941 ;17,300 ;1,600 ;1,594 ;1,592 ;1,824 ;1,793 ;1,802 ;-0,00077E+03;0,00012E+03;-0,00025E+03;0,28455E+03;0,28250E+03;0,28288E+03;239,754 ;239,448 ;239,774 ;NAN
65;2025/08/20;13:55:19;736;246,048 ;245,966 ;245,844 ;245,953 ;0,28466E+03;0,28708E+03;0,29094E+03;0,28756E+03;35,768E+03;36,415E+03;36,938E+03;109,121E+03;57,023 ;57,033 ;60,219E+03;60,499E+03;61,251E+03;181,969E+03;70,041E+03;70,613E+03;71,527E+03;212,180E+03;0,51067 ;0,51570 ;0,51642 ;0,51428 ;40,020 ;39,785 ;40,051 ;17,143 ;16,606 ;17,010 ;1,597 ;1,608 ;1,601 ;1,833 ;1,823 ;1,829 ;0,00083E+03;0,00015E+03;0,00012E+03;0,27585E+03;0,28237E+03;0,28131E+03;239,307 ;240,183 ;239,334 ;NAN
66;2025/08/20;13:55:20;234;245,872 ;245,730 ;245,661 ;245,754 ;0,28316E+03;0,28468E+03;0,28895E+03;0,28560E+03;35,856E+03;36,380E+03;36,854E+03;109,090E+03;57,023 ;57,036 ;59,678E+03;59,750E+03;60,669E+03;180,097E+03;69,621E+03;69,954E+03;70,985E+03;210,560E+03;0,51502 ;0,52005 ;0,51917 ;0,51809 ;39,930 ;40,158 ;39,848 ;16,921 ;16,745 ;16,932 ;1,601 ;1,592 ;1,611 ;1,857 ;1,814 ;1,821 ;0,00158E+03;-0,00043E+03;0,00065E+03;0,27995E+03;0,28356E+03;0,28470E+03;240,770 ;239,537 ;240,510 ;NAN
67;2025/08/20;13:55:20;737;245,967 ;245,837 ;245,720 ;245,841 ;0,28357E+03;0,28500E+03;0,28895E+03;0,28584E+03;35,855E+03;36,443E+03;36,803E+03;109,101E+03;57,019 ;57,021 ;59,827E+03;59,840E+03;60,718E+03;180,384E+03;69,748E+03;70,064E+03;71,001E+03;210,813E+03;0,51407 ;0,52014 ;0,51835 ;0,51753 ;39,991 ;39,922 ;39,528 ;16,421 ;16,703 ;16,849 ;1,597 ;1,598 ;1,599 ;1,826 ;1,789 ;1,795 ;-0,00071E+03;0,00014E+03;-0,00121E+03;0,29296E+03;0,29070E+03;0,29197E+03;240,592 ;240,674 ;240,174 ;NAN
68;2025/08/20;13:55:21;234;246,018 ;245,919 ;245,787 ;245,908 ;0,28626E+03;0,28848E+03;0,29188E+03;0,28887E+03;36,256E+03;36,995E+03;37,390E+03;110,641E+03;57,020 ;57,021 ;60,377E+03;60,533E+03;61,226E+03;182,136E+03;70,426E+03;70,943E+03;71,740E+03;213,109E+03;0,51481 ;0,52148 ;0,52119 ;0,51918 ;39,941 ;39,657 ;39,862 ;16,883 ;16,330 ;16,917 ;1,604 ;1,616 ;1,597 ;1,789 ;1,788 ;1,781 ;0,00195E+03;0,00030E+03;0,00012E+03;0,28391E+03;0,29388E+03;0,29233E+03;239,856 ;240,212 ;239,373 ;NAN
69;2025/08/20;13:55:21;736;245,561 ;245,415 ;245,307 ;245,428 ;0,28591E+03;0,28740E+03;0,29114E+03;0,28815E+03;36,829E+03;37,462E+03;37,799E+03;112,090E+03;57,013 ;57,016 ;59,773E+03;59,762E+03;60,596E+03;180,131E+03;70,208E+03;70,533E+03;71,419E+03;212,160E+03;0,52457 ;0,53112 ;0,52926 ;0,52833 ;39,116 ;39,727 ;39,919 ;16,896 ;16,607 ;16,885 ;1,595 ;1,596 ;1,592 ;1,787 ;1,774 ;1,758 ;-0,00001E+03;-0,00062E+03;0,00063E+03;0,27979E+03;0,28803E+03;0,28629E+03;239,769 ;240,075 ;239,251 ;NAN
70;2025/08/20;13:55:22;236;245,652 ;245,512 ;245,410 ;245,525 ;0,28769E+03;0,28955E+03;0,29325E+03;0,29017E+03;37,119E+03;37,786E+03;38,195E+03;113,101E+03;57,020 ;57,023 ;60,139E+03;60,215E+03;60,994E+03;181,348E+03;70,672E+03;71,089E+03;71,967E+03;213,727E+03;0,52523 ;0,53154 ;0,53073 ;0,52918 ;39,729 ;39,875 ;39,758 ;16,737 ;16,509 ;16,760 ;1,595 ;1,592 ;1,607 ;1,804 ;1,794 ;1,784 ;-0,00088E+03;-0,00101E+03;-0,00087E+03;0,28650E+03;0,29027E+03;0,29274E+03;240,117 ;239,439 ;239,531 ;NAN
71;2025/08/20;13:55:22;737;245,692 ;245,555 ;245,428 ;245,559 ;0,29004E+03;0,29207E+03;0,29581E+03;0,29264E+03;37,344E+03;38,005E+03;38,431E+03;113,780E+03;57,020 ;57,016 ;60,693E+03;60,822E+03;61,594E+03;183,109E+03;71,261E+03;71,720E+03;72,600E+03;215,581E+03;0,52404 ;0,52991 ;0,52935 ;0,52778 ;39,709 ;39,932 ;39,784 ;16,802 ;16,841 ;16,680 ;1,613 ;1,597 ;1,614 ;1,785 ;1,770 ;1,762 ;0,00148E+03;0,00077E+03;0,00046E+03;0,28497E+03;0,28760E+03;0,29103E+03;238,844 ;239,175 ;239,049 ;NAN
72;2025/08/20;13:55:23;237;245,453 ;245,314 ;245,183 ;245,317 ;0,28804E+03;0,29007E+03;0,29329E+03;0,29047E+03;37,317E+03;38,073E+03;38,394E+03;113,785E+03;57,024 ;57,012 ;60,050E+03;60,115E+03;60,802E+03;180,966E+03;70,701E+03;71,157E+03;71,909E+03;213,767E+03;0,52782 ;0,53506 ;0,53393 ;0,53228 ;39,731 ;39,856 ;39,763 ;16,694 ;16,546 ;16,967 ;1,607 ;1,602 ;1,607 ;1,798 ;1,781 ;1,794 ;0,00134E+03;0,00168E+03;0,00006E+03;0,28906E+03;0,29427E+03;0,29072E+03;240,202 ;239,362 ;239,572 ;NAN
73;2025/08/20;13:55:23;737;245,530 ;245,392 ;245,300 ;245,408 ;0,28705E+03;0,28925E+03;0,29316E+03;0,28982E+03;37,226E+03;37,860E+03;38,384E+03;113,469E+03;57,023 ;57,031 ;59,848E+03;60,041E+03;60,812E+03;180,701E+03;70,481E+03;70,981E+03;71,912E+03;213,374E+03;0,52817 ;0,53338 ;0,53376 ;0,53179 ;39,693 ;39,638 ;39,719 ;16,764 ;16,499 ;16,804 ;1,596 ;1,610 ;1,592 ;1,792 ;1,791 ;1,790 ;-0,00063E+03;-0,00182E+03;0,00002E+03;0,28907E+03;0,29713E+03;0,29688E+03;239,744 ;240,829 ;239,263 ;NAN
74;2025/08/20;13:55:24;237;245,789 ;245,628 ;245,532 ;245,650 ;0,28982E+03;0,29155E+03;0,29564E+03;0,29234E+03;37,263E+03;37,857E+03;38,327E+03;113,446E+03;57,029 ;57,031 ;60,711E+03;60,790E+03;61,645E+03;183,145E+03;71,234E+03;71,614E+03;72,588E+03;215,436E+03;0,52310 ;0,52862 ;0,52801 ;0,52659 ;39,740 ;39,702 ;39,821 ;16,871 ;16,565 ;16,667 ;1,603 ;1,594 ;1,603 ;1,791 ;1,781 ;1,780 ;0,00044E+03;0,00034E+03;0,00006E+03;0,28443E+03;0,28988E+03;0,29321E+03;238,699 ;239,107 ;238,522 ;NAN
75;2025/08/20;13:55:24;736;245,577 ;245,400 ;245,279 ;245,419 ;0,28957E+03;0,29134E+03;0,29515E+03;0,29202E+03;37,388E+03;38,015E+03;38,425E+03;113,829E+03;57,024 ;57,005 ;60,491E+03;60,551E+03;61,354E+03;182,396E+03;71,113E+03;71,495E+03;72,394E+03;215,002E+03;0,52576 ;0,53172 ;0,53078 ;0,52943 ;39,306 ;39,815 ;39,697 ;16,652 ;16,705 ;16,914 ;1,612 ;1,598 ;1,599 ;1,816 ;1,797 ;1,795 ;-0,00112E+03;0,00015E+03;-0,00073E+03;0,28458E+03;0,28826E+03;0,28886E+03;239,377 ;239,398 ;239,482 ;NAN
76;2025/08/20;13:55:25;236;245,387 ;245,277 ;245,155 ;245,273 ;0,28685E+03;0,28878E+03;0,29231E+03;0,28931E+03;37,196E+03;37,901E+03;38,272E+03;113,369E+03;57,025 ;57,024 ;59,758E+03;59,838E+03;60,585E+03;180,181E+03;70,389E+03;70,831E+03;71,661E+03;212,881E+03;0,52843 ;0,53508 ;0,53408 ;0,53255 ;40,446 ;40,020 ;39,791 ;16,860 ;16,513 ;17,002 ;1,597 ;1,604 ;1,599 ;1,817 ;1,796 ;1,796 ;0,00107E+03;0,00020E+03;0,00018E+03;0,28922E+03;0,29353E+03;0,29258E+03;239,700 ;240,597 ;240,296 ;NAN
77;2025/08/20;13:55:25;736;245,569 ;245,475 ;245,351 ;245,465 ;0,28735E+03;0,28925E+03;0,29317E+03;0,28992E+03;37,142E+03;37,768E+03;38,218E+03;113,128E+03;57,024 ;57,029 ;59,999E+03;60,124E+03;60,937E+03;181,060E+03;70,565E+03;71,003E+03;71,930E+03;213,498E+03;0,52635 ;0,53193 ;0,53133 ;0,52988 ;39,759 ;39,755 ;39,755 ;16,964 ;16,360 ;16,787 ;1,606 ;1,595 ;1,597 ;1,837 ;1,805 ;1,806 ;0,00060E+03;-0,00074E+03;-0,00029E+03;0,28848E+03;0,29876E+03;0,29942E+03;239,694 ;240,447 ;239,287 ;NAN
78;2025/08/20;13:55:26;236;245,722 ;245,602 ;245,471 ;245,599 ;0,28958E+03;0,29115E+03;0,29498E+03;0,29191E+03;37,220E+03;37,866E+03;38,225E+03;113,311E+03;57,027 ;57,022 ;60,647E+03;60,659E+03;61,499E+03;182,805E+03;71,157E+03;71,508E+03;72,410E+03;215,076E+03;0,52306 ;0,52954 ;0,52789 ;0,52684 ;39,671 ;39,916 ;39,709 ;16,766 ;16,773 ;16,619 ;1,610 ;1,595 ;1,610 ;1,821 ;1,790 ;1,792 ;0,00071E+03;0,00054E+03;0,00163E+03;0,28726E+03;0,29056E+03;0,29408E+03;239,192 ;239,514 ;238,612 ;NAN
79;2025/08/20;13:55:26;736;245,528 ;245,350 ;245,275 ;245,385 ;0,28891E+03;0,29065E+03;0,29473E+03;0,29143E+03;37,285E+03;37,871E+03;38,349E+03;113,506E+03;57,025 ;57,028 ;60,346E+03;60,423E+03;61,280E+03;182,049E+03;70,936E+03;71,310E+03;72,290E+03;214,536E+03;0,52562 ;0,53108 ;0,53049 ;0,52908 ;39,334 ;39,542 ;39,512 ;16,822 ;16,663 ;17,053 ;1,600 ;1,606 ;1,597 ;1,797 ;1,788 ;1,784 ;0,00162E+03;-0,00038E+03;-0,00079E+03;0,28278E+03;0,28969E+03;0,28837E+03;238,913 ;239,633 ;239,705 ;NAN
80;2025/08/20;13:55:27;236;245,477 ;245,342 ;245,244 ;245,354 ;0,28662E+03;0,28815E+03;0,29287E+03;0,28921E+03;37,201E+03;37,657E+03;38,232E+03;113,090E+03;57,024 ;57,029 ;59,719E+03;59,832E+03;60,803E+03;180,354E+03;70,358E+03;70,696E+03;71,824E+03;212,879E+03;0,52874 ;0,53266 ;0,53230 ;0,53124 ;39,607 ;39,681 ;40,063 ;17,121 ;16,438 ;16,865 ;1,597 ;1,607 ;1,601 ;1,813 ;1,780 ;1,776 ;0,00059E+03;-0,00061E+03;-0,00081E+03;0,28528E+03;0,29617E+03;0,29513E+03;239,916 ;240,075 ;240,094 ;NAN
81;2025/08/20;13:55:27;736;245,775 ;245,655 ;245,522 ;245,651 ;0,28953E+03;0,29136E+03;0,29473E+03;0,29187E+03;37,139E+03;37,871E+03;38,176E+03;113,187E+03;57,026 ;57,022 ;60,697E+03;60,733E+03;61,474E+03;182,904E+03;71,158E+03;71,573E+03;72,363E+03;215,095E+03;0,52193 ;0,52912 ;0,52757 ;0,52622 ;39,452 ;39,976 ;39,758 ;16,999 ;16,849 ;16,699 ;1,601 ;1,614 ;1,600 ;1,815 ;1,786 ;1,775 ;-0,00000E+03;0,00061E+03;0,00011E+03;0,28432E+03;0,28961E+03;0,29531E+03;239,762 ;238,974 ;238,867 ;NAN
82;2025/08/20;13:55:28;236;245,534 ;245,445 ;245,335 ;245,438 ;0,28842E+03;0,29057E+03;0,29465E+03;0,29121E+03;37,184E+03;37,801E+03;38,328E+03;113,312E+03;57,026 ;57,030 ;60,271E+03;60,476E+03;61,292E+03;182,039E+03;70,818E+03;71,318E+03;72,289E+03;214,425E+03;0,52506 ;0,53004 ;0,53020 ;0,52845 ;39,716 ;39,972 ;40,021 ;17,060 ;16,721 ;16,908 ;1,601 ;1,608 ;1,600 ;1,800 ;1,787 ;1,769 ;-0,00035E+03;-0,00035E+03;-0,00035E+03;0,27871E+03;0,28636E+03;0,28744E+03;239,217 ;238,938 ;239,223 ;NAN
83;2025/08/20;13:55:28;736;245,473 ;245,365 ;245,242 ;245,360 ;0,28728E+03;0,28903E+03;0,29278E+03;0,28970E+03;37,129E+03;37,781E+03;38,160E+03;113,071E+03;57,024 ;57,027 ;59,953E+03;60,016E+03;60,823E+03;180,792E+03;70,519E+03;70,918E+03;71,802E+03;213,240E+03;0,52651 ;0,53274 ;0,53146 ;0,53025 ;39,726 ;38,788 ;39,985 ;16,936 ;16,556 ;16,737 ;1,601 ;1,601 ;1,594 ;1,783 ;1,775 ;1,770 ;-0,00006E+03;0,00054E+03;0,00077E+03;0,28450E+03;0,29016E+03;0,29525E+03;239,376 ;240,061 ;239,560 ;NAN
84;2025/08/20;13:55:29;236;245,681 ;245,550 ;245,433 ;245,555 ;0,28806E+03;0,28980E+03;0,29353E+03;0,29046E+03;37,077E+03;37,737E+03;38,111E+03;112,925E+03;57,023 ;57,025 ;60,282E+03;60,330E+03;61,135E+03;181,746E+03;70,771E+03;71,160E+03;72,041E+03;213,972E+03;0,52390 ;0,53031 ;0,52902 ;0,52775 ;39,605 ;39,929 ;39,814 ;16,813 ;16,729 ;16,458 ;1,601 ;1,599 ;1,612 ;1,792 ;1,778 ;1,795 ;0,00132E+03;-0,00042E+03;-0,00024E+03;0,28857E+03;0,28914E+03;0,29714E+03;240,281 ;239,395 ;239,763 ;NAN
85;2025/08/20;13:55:29;739;245,717 ;245,572 ;245,475 ;245,588 ;0,28947E+03;0,29207E+03;0,29554E+03;0,29236E+03;37,028E+03;37,771E+03;38,265E+03;113,064E+03;57,030 ;57,031 ;60,730E+03;60,972E+03;61,635E+03;183,337E+03;71,128E+03;71,724E+03;72,547E+03;215,398E+03;0,52058 ;0,52661 ;0,52745 ;0,52490 ;39,791 ;40,026 ;39,664 ;17,207 ;16,821 ;16,997 ;1,607 ;1,595 ;1,617 ;1,808 ;1,787 ;1,778 ;-0,00005E+03;-0,00038E+03;0,00086E+03;0,28076E+03;0,28956E+03;0,28879E+03;238,990 ;239,007 ;239,488 ;NAN
86;2025/08/20;13:55:30;237;245,394 ;245,279 ;245,149 ;245,274 ;0,28640E+03;0,28894E+03;0,29256E+03;0,28930E+03;37,065E+03;37,763E+03;38,278E+03;113,107E+03;57,020 ;57,020 ;59,712E+03;59,971E+03;60,653E+03;180,337E+03;70,281E+03;70,870E+03;71,722E+03;212,873E+03;0,52739 ;0,53285 ;0,53370 ;0,53133 ;39,821 ;39,680 ;39,814 ;17,167 ;16,498 ;16,781 ;1,603 ;1,589 ;1,603 ;1,805 ;1,800 ;1,788 ;0,00103E+03;-0,00005E+03;-0,00129E+03;0,28051E+03;0,29023E+03;0,29463E+03;239,615 ;240,191 ;239,991 ;NAN
87;2025/08/20;13:55:30;736;245,607 ;245,510 ;245,398 ;245,505 ;0,28699E+03;0,28871E+03;0,29347E+03;0,28972E+03;37,083E+03;37,539E+03;38,149E+03;112,770E+03;57,027 ;57,024 ;59,944E+03;60,126E+03;61,082E+03;181,152E+03;70,487E+03;70,882E+03;72,016E+03;213,385E+03;0,52610 ;0,52959 ;0,52973 ;0,52848 ;39,919 ;39,721 ;39,586 ;16,693 ;16,729 ;16,517 ;1,597 ;1,610 ;1,593 ;1,815 ;1,805 ;1,795 ;0,00013E+03;-0,00038E+03;0,00025E+03;0,29340E+03;0,29151E+03;0,30129E+03;239,656 ;240,162 ;240,519 ;NAN
88;2025/08/20;13:55:31;236;245,736 ;245,613 ;245,491 ;245,613 ;0,28899E+03;0,29113E+03;0,29519E+03;0,29177E+03;37,098E+03;37,709E+03;38,228E+03;113,035E+03;57,025 ;57,022 ;60,555E+03;60,755E+03;61,563E+03;182,873E+03;71,015E+03;71,506E+03;72,466E+03;214,988E+03;0,52239 ;0,52735 ;0,52753 ;0,52578 ;39,678 ;39,993 ;39,715 ;16,658 ;16,643 ;16,898 ;1,617 ;1,600 ;1,600 ;1,801 ;1,789 ;1,804 ;-0,00005E+03;-0,00008E+03;0,00004E+03;0,28632E+03;0,29128E+03;0,29174E+03;239,203 ;239,696 ;238,980 ;NAN
89;2025/08/20;13:55:31;735;245,606 ;245,476 ;245,358 ;245,480 ;0,28864E+03;0,29059E+03;0,29469E+03;0,29131E+03;37,121E+03;37,704E+03;38,208E+03;113,033E+03;57,028 ;57,018 ;60,395E+03;60,553E+03;61,386E+03;182,333E+03;70,891E+03;71,332E+03;72,305E+03;214,528E+03;0,52364 ;0,52858 ;0,52842 ;0,52689 ;39,782 ;39,029 ;39,733 ;17,150 ;16,555 ;16,692 ;1,602 ;1,604 ;1,595 ;1,802 ;1,790 ;1,775 ;0,00111E+03;0,00050E+03;0,00059E+03;0,27882E+03;0,28601E+03;0,29407E+03;238,767 ;239,435 ;238,844 ;NAN
90;2025/08/20;13:55:32;234;245,522 ;245,375 ;245,264 ;245,387 ;0,28639E+03;0,28796E+03;0,29233E+03;0,28889E+03;36,969E+03;37,479E+03;37,973E+03;112,421E+03;57,023 ;57,021 ;59,811E+03;59,899E+03;60,818E+03;180,528E+03;70,314E+03;70,658E+03;71,699E+03;212,672E+03;0,52577 ;0,53043 ;0,52962 ;0,52861 ;40,090 ;39,990 ;39,617 ;16,653 ;16,788 ;16,615 ;1,591 ;1,601 ;1,606 ;1,805 ;1,781 ;1,787 ;0,00019E+03;0,00125E+03;-0,00035E+03;0,29052E+03;0,28838E+03;0,29773E+03;240,148 ;240,081 ;240,281 ;NAN
91;2025/08/20;13:55:32;737;245,893 ;245,725 ;245,626 ;245,748 ;0,28676E+03;0,28876E+03;0,29216E+03;0,28923E+03;36,506E+03;37,229E+03;37,605E+03;111,340E+03;57,031 ;57,028 ;60,325E+03;60,405E+03;61,122E+03;181,852E+03;70,511E+03;70,956E+03;71,763E+03;213,231E+03;0,51774 ;0,52467 ;0,52401 ;0,52215 ;39,882 ;39,829 ;39,835 ;16,564 ;16,747 ;16,800 ;1,603 ;1,602 ;1,610 ;1,817 ;1,811 ;1,817 ;-0,00020E+03;-0,00132E+03;-0,00029E+03;0,29365E+03;0,29345E+03;0,29640E+03;239,288 ;240,063 ;240,102 ;NAN
92;2025/08/20;13:55:33;236;246,085 ;245,916 ;245,794 ;245,932 ;0,28713E+03;0,28940E+03;0,29292E+03;0,28982E+03;36,111E+03;36,820E+03;37,256E+03;110,186E+03;57,032 ;57,027 ;60,733E+03;60,902E+03;61,610E+03;183,246E+03;70,657E+03;71,167E+03;71,999E+03;213,824E+03;0,51107 ;0,51737 ;0,51745 ;0,51531 ;39,791 ;39,664 ;39,838 ;16,914 ;16,575 ;16,751 ;1,601 ;1,607 ;1,619 ;1,822 ;1,799 ;1,794 ;0,00145E+03;0,00003E+03;-0,00027E+03;0,27948E+03;0,28489E+03;0,29193E+03;239,218 ;239,085 ;239,414 ;NAN
93;2025/08/20;13:55:33;738;245,975 ;245,822 ;245,691 ;245,829 ;0,28346E+03;0,28546E+03;0,28909E+03;0,28600E+03;35,635E+03;36,285E+03;36,705E+03;108,625E+03;57,031 ;57,011 ;59,930E+03;60,062E+03;60,808E+03;180,801E+03;69,724E+03;70,172E+03;71,027E+03;210,924E+03;0,51109 ;0,51709 ;0,51677 ;0,51500 ;39,807 ;39,923 ;39,464 ;16,738 ;16,990 ;16,458 ;1,616 ;1,591 ;1,593 ;1,805 ;1,787 ;1,793 ;0,00013E+03;0,00059E+03;0,00016E+03;0,28001E+03;0,27891E+03;0,29023E+03;240,573 ;239,834 ;240,376 ;NAN
94;2025/08/20;13:55:34;236;246,351 ;246,256 ;246,125 ;246,244 ;0,28416E+03;0,28668E+03;0,28977E+03;0,28687E+03;35,336E+03;36,154E+03;36,521E+03;108,011E+03;57,027 ;57,041 ;60,431E+03;60,636E+03;61,259E+03;182,326E+03;70,004E+03;70,597E+03;71,319E+03;211,919E+03;0,50477 ;0,51213 ;0,51207 ;0,50968 ;39,794 ;40,020 ;39,878 ;16,790 ;16,380 ;16,737 ;1,598 ;1,600 ;1,610 ;1,833 ;1,807 ;1,797 ;-0,00008E+03;0,00020E+03;0,00014E+03;0,28255E+03;0,28969E+03;0,29181E+03;240,123 ;240,278 ;239,746 ;NAN
95;2025/08/20;13:55:34;735;246,106 ;245,972 ;245,854 ;245,977 ;0,28386E+03;0,28513E+03;0,28960E+03;0,28620E+03;35,584E+03;36,056E+03;36,503E+03;108,143E+03;57,025 ;57,017 ;60,119E+03;60,156E+03;61,129E+03;181,404E+03;69,860E+03;70,134E+03;71,199E+03;211,193E+03;0,50936 ;0,51410 ;0,51269 ;0,51206 ;39,876 ;40,074 ;39,997 ;16,799 ;17,006 ;16,637 ;1,606 ;1,598 ;1,594 ;1,820 ;1,789 ;1,783 ;0,00048E+03;-0,00085E+03;0,00046E+03;0,28043E+03;0,27688E+03;0,28586E+03;238,478 ;239,635 ;239,671 ;NAN
96;2025/08/20;13:55:35;237;246,095 ;245,936 ;245,843 ;245,958 ;0,28291E+03;0,28427E+03;0,28847E+03;0,28521E+03;35,527E+03;36,052E+03;36,451E+03;108,030E+03;57,021 ;57,018 ;59,875E+03;59,899E+03;60,833E+03;180,607E+03;69,622E+03;69,912E+03;70,918E+03;210,451E+03;0,51028 ;0,51567 ;0,51399 ;0,51332 ;39,766 ;39,951 ;40,004 ;16,617 ;16,933 ;16,664 ;1,603 ;1,596 ;1,617 ;1,815 ;1,800 ;1,788 ;-0,00087E+03;-0,00030E+03;-0,00049E+03;0,28542E+03;0,28414E+03;0,29353E+03;240,705 ;240,317 ;240,270 ;NAN
97;2025/08/20;13:55:35;736;246,194 ;246,100 ;245,946 ;246,080 ;0,28379E+03;0,28623E+03;0,28893E+03;0,28632E+03;35,328E+03;36,204E+03;36,471E+03;108,004E+03;57,025 ;57,024 ;60,279E+03;60,424E+03;60,986E+03;181,690E+03;69,868E+03;70,440E+03;71,060E+03;211,369E+03;0,50564 ;0,51397 ;0,51325 ;0,51097 ;39,755 ;39,996 ;40,006 ;16,907 ;16,418 ;16,827 ;1,594 ;1,591 ;1,610 ;1,792 ;1,786 ;1,789 ;0,00057E+03;0,00073E+03;0,00014E+03;0,28205E+03;0,28983E+03;0,29165E+03;240,386 ;240,533 ;239,945 ;NAN
98;2025/08/20;13:55:36;235;246,180 ;246,080 ;245,974 ;246,078 ;0,28326E+03;0,28487E+03;0,28928E+03;0,28580E+03;35,514E+03;36,019E+03;36,510E+03;108,043E+03;57,021 ;57,029 ;60,011E+03;60,139E+03;61,074E+03;181,224E+03;69,732E+03;70,100E+03;71,155E+03;210,987E+03;0,50929 ;0,51382 ;0,51311 ;0,51208 ;39,984 ;39,676 ;39,800 ;17,010 ;16,629 ;16,568 ;1,594 ;1,609 ;1,598 ;1,786 ;1,787 ;1,778 ;0,00139E+03;-0,00029E+03;-0,00015E+03;0,27776E+03;0,28548E+03;0,29095E+03;239,547 ;240,070 ;239,716 ;NAN
99;2025/08/20;13:55:36;736;246,094 ;245,977 ;245,869 ;245,980 ;0,28250E+03;0,28407E+03;0,28899E+03;0,28518E+03;35,483E+03;35,875E+03;36,487E+03;107,845E+03;57,023 ;57,016 ;59,785E+03;59,961E+03;60,969E+03;180,715E+03;69,522E+03;69,874E+03;71,052E+03;210,448E+03;0,51039 ;0,51342 ;0,51352 ;0,51245 ;40,148 ;40,002 ;39,060 ;16,861 ;16,953 ;16,427 ;1,614 ;1,596 ;1,602 ;1,823 ;1,802 ;1,788 ;-0,00058E+03;0,00020E+03;-0,00002E+03;0,28353E+03;0,28151E+03;0,29349E+03;239,872 ;241,132 ;240,573 ;NAN
100;2025/08/20;13:55:37;237;246,049 ;245,899 ;245,804 ;245,917 ;0,28323E+03;0,28534E+03;0,28912E+03;0,28590E+03;35,447E+03;36,090E+03;36,551E+03;108,088E+03;57,021 ;57,024 ;60,000E+03;60,171E+03;60,947E+03;181,118E+03;69,689E+03;70,164E+03;71,067E+03;210,920E+03;0,50865 ;0,51436 ;0,51432 ;0,51246 ;39,556 ;39,844 ;40,077 ;16,455 ;16,758 ;16,919 ;1,600 ;1,599 ;1,601 ;1,811 ;1,803 ;1,788 ;-0,00071E+03;-0,00044E+03;-0,00065E+03;0,28600E+03;0,28462E+03;0,28773E+03;240,464 ;239,232 ;239,642 ;NAN
101;2025/08/20;13:55:37;736;246,243 ;246,158 ;246,025 ;246,142 ;0,28274E+03;0,28497E+03;0,28850E+03;0,28541E+03;35,312E+03;36,018E+03;36,436E+03;107,766E+03;57,023 ;57,031 ;60,004E+03;60,196E+03;60,912E+03;181,112E+03;69,623E+03;70,148E+03;70,978E+03;210,750E+03;0,50719 ;0,51345 ;0,51334 ;0,51135 ;40,170 ;40,025 ;39,730 ;16,955 ;16,494 ;16,755 ;1,601 ;1,605 ;1,606 ;1,819 ;1,817 ;1,804 ;-0,00012E+03;0,00002E+03;0,00052E+03;0,28270E+03;0,29114E+03;0,29314E+03;239,957 ;239,891 ;240,558 ;NAN
102;2025/08/20;13:55:38;237;246,257 ;246,159 ;246,039 ;246,152 ;0,28414E+03;0,28642E+03;0,29085E+03;0,28714E+03;35,450E+03;35,965E+03;36,601E+03;108,016E+03;57,024 ;57,021 ;60,325E+03;60,641E+03;61,493E+03;182,460E+03;69,970E+03;70,504E+03;71,562E+03;212,036E+03;0,50664 ;0,51011 ;0,51146 ;0,50942 ;40,025 ;39,786 ;39,239 ;16,906 ;16,840 ;16,556 ;1,594 ;1,603 ;1,594 ;1,815 ;1,807 ;1,805 ;0,00074E+03;0,00002E+03;-0,00044E+03;0,28007E+03;0,27878E+03;0,29013E+03;239,744 ;240,064 ;239,765 ;NAN
103;2025/08/20;13:55:38;737;246,007 ;245,853 ;245,735 ;245,865 ;0,28239E+03;0,28384E+03;0,28787E+03;0,28470E+03;35,534E+03;36,091E+03;36,486E+03;108,111E+03;57,020 ;57,011 ;59,693E+03;59,724E+03;60,605E+03;180,023E+03;69,469E+03;69,782E+03;70,741E+03;209,991E+03;0,51150 ;0,51720 ;0,51577 ;0,51483 ;39,970 ;39,737 ;39,335 ;16,548 ;16,869 ;16,736 ;1,596 ;1,591 ;1,607 ;1,811 ;1,816 ;1,809 ;0,00044E+03;0,00011E+03;0,00024E+03;0,28477E+03;0,28233E+03;0,28747E+03;240,354 ;241,221 ;240,318 ;NAN
104;2025/08/20;13:55:39;237;246,177 ;246,023 ;245,939 ;246,046 ;0,28252E+03;0,28417E+03;0,28755E+03;0,28475E+03;35,358E+03;36,069E+03;36,359E+03;107,786E+03;57,023 ;57,035 ;59,893E+03;59,891E+03;60,659E+03;180,442E+03;69,551E+03;69,913E+03;70,721E+03;210,185E+03;0,50837 ;0,51591 ;0,51412 ;0,51281 ;39,682 ;39,632 ;40,330 ;16,329 ;16,747 ;17,012 ;1,613 ;1,596 ;1,618 ;1,834 ;1,810 ;1,812 ;0,00082E+03;-0,00001E+03;-0,00001E+03;0,29223E+03;0,28854E+03;0,28942E+03;240,829 ;240,941 ;240,331 ;NAN
105;2025/08/20;13:55:39;737;246,351 ;246,226 ;246,104 ;246,227 ;0,28476E+03;0,28656E+03;0,29064E+03;0,28732E+03;35,416E+03;36,002E+03;36,450E+03;107,868E+03;57,024 ;57,025 ;60,555E+03;60,681E+03;61,542E+03;182,779E+03;70,151E+03;70,557E+03;71,527E+03;212,236E+03;0,50485 ;0,51024 ;0,50960 ;0,50824 ;39,876 ;40,130 ;40,095 ;17,014 ;16,585 ;16,812 ;1,601 ;1,592 ;1,603 ;1,816 ;1,816 ;1,792 ;-0,00047E+03;0,00006E+03;0,00010E+03;0,27830E+03;0,28436E+03;0,29032E+03;240,400 ;239,022 ;240,151 ;NAN
106;2025/08/20;13:55:40;236;245,980 ;245,872 ;245,753 ;245,868 ;0,28207E+03;0,28413E+03;0,28793E+03;0,28471E+03;35,429E+03;36,056E+03;36,515E+03;107,999E+03;57,022 ;57,020 ;59,657E+03;59,836E+03;60,611E+03;180,105E+03;69,385E+03;69,860E+03;70,760E+03;210,005E+03;0,51062 ;0,51611 ;0,51603 ;0,51427 ;39,661 ;39,780 ;40,027 ;16,800 ;16,877 ;16,788 ;1,596 ;1,589 ;1,625 ;1,809 ;1,810 ;1,801 ;0,00094E+03;-0,00014E+03;-0,00012E+03;0,28320E+03;0,27918E+03;0,28822E+03;240,723 ;239,445 ;240,416 ;NAN
107;2025/08/20;13:55:40;735;246,242 ;246,128 ;246,009 ;246,126 ;0,28303E+03;0,28466E+03;0,28892E+03;0,28554E+03;35,385E+03;35,915E+03;36,376E+03;107,675E+03;57,022 ;57,023 ;60,043E+03;60,157E+03;61,063E+03;181,263E+03;69,694E+03;70,062E+03;71,077E+03;210,833E+03;0,50772 ;0,51261 ;0,51178 ;0,51071 ;39,412 ;39,779 ;39,717 ;16,421 ;16,925 ;16,912 ;1,604 ;1,611 ;1,600 ;1,807 ;1,804 ;1,788 ;-0,00108E+03;-0,00048E+03;-0,00054E+03;0,29108E+03;0,28700E+03;0,29151E+03;240,844 ;241,684 ;240,553 ;NAN
108;2025/08/20;13:55:41;236;246,066 ;245,904 ;245,822 ;245,931 ;0,28307E+03;0,28459E+03;0,28843E+03;0,28536E+03;35,472E+03;36,088E+03;36,448E+03;108,008E+03;57,023 ;57,029 ;59,944E+03;59,960E+03;60,818E+03;180,722E+03;69,653E+03;69,982E+03;70,903E+03;210,539E+03;0,50927 ;0,51567 ;0,51405 ;0,51301 ;39,919 ;39,775 ;39,963 ;16,547 ;16,979 ;17,110 ;1,596 ;1,597 ;1,603 ;1,813 ;1,790 ;1,806 ;-0,00040E+03;0,00033E+03;0,00061E+03;0,28600E+03;0,28082E+03;0,28460E+03;240,341 ;240,016 ;240,143 ;NAN
109;2025/08/20;13:55:41;737;246,018 ;245,922 ;245,807 ;245,915 ;0,28415E+03;0,28616E+03;0,28977E+03;0,28670E+03;35,901E+03;36,594E+03;36,973E+03;109,468E+03;57,015 ;57,030 ;59,984E+03;60,111E+03;60,881E+03;180,976E+03;69,907E+03;70,374E+03;71,228E+03;211,509E+03;0,51356 ;0,51999 ;0,51908 ;0,51756 ;39,909 ;39,925 ;40,077 ;16,967 ;16,526 ;16,926 ;1,599 ;1,593 ;1,599 ;1,782 ;1,797 ;1,774 ;0,00198E+03;0,00007E+03;0,00000E+03;0,28122E+03;0,28819E+03;0,29073E+03;240,637 ;239,368 ;240,637 ;NAN
110;2025/08/20;13:55:42;235;245,693 ;245,569 ;245,454 ;245,572 ;0,28558E+03;0,28727E+03;0,29104E+03;0,28796E+03;36,493E+03;37,133E+03;37,510E+03;111,136E+03;57,016 ;57,014 ;59,928E+03;59,981E+03;60,795E+03;180,705E+03;70,165E+03;70,545E+03;71,436E+03;212,146E+03;0,52010 ;0,52638 ;0,52508 ;0,52386 ;39,039 ;39,773 ;40,076 ;16,810 ;16,797 ;16,836 ;1,601 ;1,599 ;1,613 ;1,804 ;1,784 ;1,797 ;0,00002E+03;-0,00043E+03;-0,00035E+03;0,28580E+03;0,28278E+03;0,29188E+03;240,169 ;239,974 ;239,250 ;NAN
111;2025/08/20;13:55:42;736;245,723 ;245,574 ;245,473 ;245,590 ;0,28612E+03;0,28732E+03;0,29170E+03;0,28838E+03;36,816E+03;37,325E+03;37,754E+03;111,895E+03;57,015 ;57,021 ;59,896E+03;59,878E+03;60,843E+03;180,617E+03;70,306E+03;70,558E+03;71,604E+03;212,469E+03;0,52365 ;0,52900 ;0,52725 ;0,52664 ;39,106 ;40,009 ;39,583 ;16,516 ;16,798 ;16,557 ;1,602 ;1,602 ;1,594 ;1,803 ;1,810 ;1,795 ;0,00030E+03;-0,00036E+03;-0,00035E+03;0,29161E+03;0,28875E+03;0,29920E+03;240,627 ;239,976 ;240,608 ;NAN
112;2025/08/20;13:55:43;236;245,858 ;245,742 ;245,645 ;245,748 ;0,28874E+03;0,29061E+03;0,29500E+03;0,29145E+03;36,983E+03;37,530E+03;38,081E+03;112,594E+03;57,024 ;57,028 ;60,595E+03;60,758E+03;61,652E+03;183,006E+03;70,990E+03;71,415E+03;72,465E+03;214,869E+03;0,52097 ;0,52552 ;0,52551 ;0,52401 ;39,880 ;39,785 ;39,646 ;16,684 ;16,922 ;16,644 ;1,594 ;1,598 ;1,595 ;1,790 ;1,761 ;1,770 ;0,00067E+03;0,00148E+03;0,00085E+03;0,28869E+03;0,28518E+03;0,29442E+03;239,765 ;239,055 ;239,163 ;NAN
113;2025/08/20;13:55:43;738;245,454 ;245,303 ;245,193 ;245,317 ;0,28710E+03;0,28868E+03;0,29225E+03;0,28935E+03;37,024E+03;37,706E+03;38,012E+03;112,742E+03;57,020 ;57,018 ;59,961E+03;59,942E+03;60,746E+03;180,649E+03;70,470E+03;70,815E+03;71,659E+03;212,944E+03;0,52538 ;0,53246 ;0,53045 ;0,52944 ;39,511 ;40,003 ;39,648 ;16,571 ;16,934 ;17,025 ;1,595 ;1,595 ;1,603 ;1,816 ;1,811 ;1,814 ;0,00138E+03;-0,00069E+03;-0,00064E+03;0,28744E+03;0,28493E+03;0,28831E+03;239,560 ;238,526 ;239,902 ;NAN
114;2025/08/20;13:55:44;237;245,477 ;245,370 ;245,271 ;245,373 ;0,28521E+03;0,28732E+03;0,29131E+03;0,28795E+03;36,844E+03;37,465E+03;37,983E+03;112,292E+03;57,025 ;57,030 ;59,534E+03;59,720E+03;60,517E+03;179,771E+03;70,013E+03;70,499E+03;71,449E+03;211,961E+03;0,52624 ;0,53142 ;0,53161 ;0,52978 ;39,621 ;39,721 ;39,886 ;16,516 ;16,685 ;16,731 ;1,600 ;1,594 ;1,600 ;1,812 ;1,808 ;1,799 ;0,00175E+03;-0,00026E+03;0,00034E+03;0,29454E+03;0,29328E+03;0,29908E+03;240,358 ;240,483 ;239,784 ;NAN
115;2025/08/20;13:55:44;736;246,046 ;245,904 ;245,789 ;245,913 ;0,28886E+03;0,29033E+03;0,29442E+03;0,29120E+03;36,879E+03;37,461E+03;37,853E+03;112,193E+03;57,025 ;57,029 ;60,756E+03;60,776E+03;61,676E+03;183,208E+03;71,073E+03;71,394E+03;72,366E+03;214,832E+03;0,51889 ;0,52472 ;0,52308 ;0,52224 ;39,983 ;39,702 ;39,557 ;16,654 ;16,617 ;16,618 ;1,603 ;1,607 ;1,596 ;1,853 ;1,839 ;1,857 ;-0,00010E+03;-0,00041E+03;-0,00014E+03;0,29324E+03;0,29137E+03;0,29776E+03;239,202 ;239,718 ;238,774 ;NAN
116;2025/08/20;13:55:45;238;245,805 ;245,664 ;245,544 ;245,671 ;0,28973E+03;0,29160E+03;0,29561E+03;0,29231E+03;37,008E+03;37,615E+03;38,075E+03;112,698E+03;57,028 ;57,013 ;60,847E+03;60,965E+03;61,798E+03;183,609E+03;71,217E+03;71,635E+03;72,585E+03;215,438E+03;0,51965 ;0,52509 ;0,52455 ;0,52311 ;39,333 ;40,130 ;39,684 ;16,696 ;16,981 ;16,903 ;1,605 ;1,598 ;1,605 ;1,829 ;1,809 ;1,795 ;-0,00027E+03;0,00057E+03;0,00013E+03;0,28235E+03;0,28018E+03;0,28507E+03;239,064 ;238,478 ;238,399 ;NAN
117;2025/08/20;13:55:45;736;245,509 ;245,362 ;245,243 ;245,371 ;0,28641E+03;0,28818E+03;0,29230E+03;0,28897E+03;36,950E+03;37,526E+03;37,994E+03;112,470E+03;57,021 ;57,016 ;59,825E+03;59,929E+03;60,789E+03;180,543E+03;70,316E+03;70,709E+03;71,686E+03;212,710E+03;0,52549 ;0,53071 ;0,53001 ;0,52875 ;39,226 ;39,879 ;39,647 ;16,878 ;16,713 ;16,813 ;1,601 ;1,614 ;1,607 ;1,817 ;1,810 ;1,799 ;0,00066E+03;0,00006E+03;-0,00090E+03;0,28185E+03;0,28480E+03;0,29222E+03;239,682 ;239,731 ;240,518 ;NAN
118;2025/08/20;13:55:46;237;245,561 ;245,493 ;245,356 ;245,470 ;0,28564E+03;0,28801E+03;0,29148E+03;0,28838E+03;36,760E+03;37,498E+03;37,931E+03;112,189E+03;57,026 ;57,031 ;59,737E+03;59,943E+03;60,628E+03;180,308E+03;70,142E+03;70,705E+03;71,516E+03;212,363E+03;0,52408 ;0,53035 ;0,53039 ;0,52829 ;40,124 ;39,606 ;39,731 ;16,962 ;16,653 ;16,796 ;1,601 ;1,609 ;1,601 ;1,791 ;1,791 ;1,791 ;0,00028E+03;0,00028E+03;0,00080E+03;0,28926E+03;0,29152E+03;0,29551E+03;239,680 ;239,855 ;239,655 ;NAN
119;2025/08/20;13:55:46;736;245,848 ;245,712 ;245,592 ;245,718 ;0,28833E+03;0,28984E+03;0,29427E+03;0,29081E+03;36,907E+03;37,421E+03;37,898E+03;112,225E+03;57,024 ;57,021 ;60,520E+03;60,594E+03;61,537E+03;182,651E+03;70,886E+03;71,217E+03;72,271E+03;214,374E+03;0,52066 ;0,52545 ;0,52438 ;0,52350 ;39,905 ;39,749 ;39,916 ;16,597 ;16,946 ;16,777 ;1,597 ;1,606 ;1,598 ;1,815 ;1,794 ;1,775 ;-0,00000E+03;-0,00118E+03;-0,00012E+03;0,29129E+03;0,28810E+03;0,29476E+03;239,480 ;239,332 ;239,397 ;NAN
120;2025/08/20;13:55:47;236;245,772 ;245,627 ;245,524 ;245,641 ;0,28861E+03;0,28993E+03;0,29411E+03;0,29088E+03;36,938E+03;37,497E+03;37,888E+03;112,323E+03;57,028 ;57,021 ;60,555E+03;60,542E+03;61,474E+03;182,572E+03;70,932E+03;71,214E+03;72,212E+03;214,358E+03;0,52075 ;0,52655 ;0,52467 ;0,52400 ;39,724 ;40,102 ;39,881 ;16,517 ;16,750 ;16,918 ;1,596 ;1,600 ;1,598 ;1,793 ;1,789 ;1,773 ;-0,00025E+03;0,00078E+03;0,00029E+03;0,28648E+03;0,28413E+03;0,28692E+03;239,806 ;238,682 ;239,449 ;NAN
121;2025/08/20;13:55:47;738;245,573 ;245,406 ;245,287 ;245,422 ;0,28610E+03;0,28803E+03;0,29141E+03;0,28852E+03;36,844E+03;37,567E+03;37,906E+03;112,317E+03;57,021 ;57,020 ;59,824E+03;59,876E+03;60,601E+03;180,301E+03;70,259E+03;70,685E+03;71,480E+03;212,424E+03;0,52440 ;0,53146 ;0,53031 ;0,52874 ;40,016 ;39,623 ;39,735 ;16,579 ;16,688 ;16,671 ;1,609 ;1,597 ;1,615 ;1,808 ;1,803 ;1,785 ;-0,00062E+03;0,00018E+03;-0,00051E+03;0,29018E+03;0,28584E+03;0,29283E+03;240,443 ;240,270 ;240,327 ;NAN
122;2025/08/20;13:55:48;236;245,771 ;245,660 ;245,519 ;245,650 ;0,28748E+03;0,28931E+03;0,29278E+03;0,28986E+03;36,826E+03;37,535E+03;37,861E+03;112,222E+03;57,026 ;57,019 ;60,298E+03;60,352E+03;61,105E+03;181,755E+03;70,654E+03;71,072E+03;71,884E+03;213,610E+03;0,52122 ;0,52813 ;0,52670 ;0,52536 ;39,557 ;40,032 ;39,927 ;16,611 ;16,841 ;16,491 ;1,612 ;1,618 ;1,600 ;1,786 ;1,783 ;1,772 ;0,00080E+03;-0,00065E+03;-0,00031E+03;0,29153E+03;0,28827E+03;0,29606E+03;240,356 ;239,678 ;239,378 ;NAN
123;2025/08/20;13:55:48;737;245,770 ;245,641 ;245,539 ;245,650 ;0,28870E+03;0,29025E+03;0,29431E+03;0,29108E+03;36,919E+03;37,510E+03;37,899E+03;112,328E+03;57,024 ;57,027 ;60,591E+03;60,633E+03;61,528E+03;182,752E+03;70,953E+03;71,298E+03;72,263E+03;214,514E+03;0,52033 ;0,52610 ;0,52446 ;0,52364 ;39,492 ;40,034 ;39,855 ;16,588 ;16,881 ;17,148 ;1,607 ;1,604 ;1,594 ;1,805 ;1,804 ;1,791 ;-0,00041E+03;-0,00177E+03;-0,00004E+03;0,28512E+03;0,28601E+03;0,28624E+03;239,334 ;238,742 ;239,293 ;NAN
124;2025/08/20;13:55:49;237;245,582 ;245,484 ;245,361 ;245,476 ;0,28582E+03;0,28773E+03;0,29128E+03;0,28827E+03;36,791E+03;37,485E+03;37,841E+03;112,117E+03;57,024 ;57,026 ;59,777E+03;59,865E+03;60,629E+03;180,271E+03;70,192E+03;70,632E+03;71,469E+03;212,293E+03;0,52415 ;0,53071 ;0,52947 ;0,52812 ;39,699 ;39,568 ;39,773 ;16,750 ;16,428 ;16,906 ;1,614 ;1,600 ;1,598 ;1,789 ;1,769 ;1,764 ;0,00062E+03;0,00248E+03;0,00091E+03;0,28639E+03;0,29199E+03;0,28984E+03;239,800 ;240,210 ;239,720 ;NAN
125;2025/08/20;13:55:49;736;245,828 ;245,714 ;245,586 ;245,710 ;0,28786E+03;0,29010E+03;0,29382E+03;0,29059E+03;36,786E+03;37,466E+03;37,918E+03;112,170E+03;57,026 ;57,024 ;60,452E+03;60,642E+03;61,392E+03;182,486E+03;70,765E+03;71,282E+03;72,157E+03;214,205E+03;0,51984 ;0,52560 ;0,52549 ;0,52366 ;39,871 ;39,861 ;39,440 ;16,645 ;16,805 ;16,667 ;1,593 ;1,597 ;1,606 ;1,790 ;1,766 ;1,781 ;0,00037E+03;0,00013E+03;-0,00061E+03;0,28996E+03;0,28797E+03;0,29377E+03;239,178 ;239,303 ;240,397 ;NAN
126;2025/08/20;13:55:50;237;245,585 ;245,447 ;245,334 ;245,455 ;0,28616E+03;0,28847E+03;0,29171E+03;0,28878E+03;36,753E+03;37,531E+03;37,904E+03;112,188E+03;57,024 ;57,031 ;59,901E+03;60,039E+03;60,703E+03;180,644E+03;70,277E+03;70,805E+03;71,565E+03;212,647E+03;0,52297 ;0,53006 ;0,52964 ;0,52758 ;39,555 ;40,201 ;39,841 ;16,671 ;16,812 ;17,019 ;1,601 ;1,596 ;1,594 ;1,784 ;1,769 ;1,767 ;0,00019E+03;-0,00052E+03;0,00048E+03;0,28770E+03;0,29045E+03;0,28843E+03;240,209 ;239,214 ;239,655 ;NAN
127;2025/08/20;13:55:50;736;245,826 ;245,697 ;245,597 ;245,707 ;0,28759E+03;0,28946E+03;0,29354E+03;0,29020E+03;36,801E+03;37,405E+03;37,876E+03;112,082E+03;57,026 ;57,034 ;60,364E+03;60,489E+03;61,342E+03;182,195E+03;70,697E+03;71,120E+03;72,093E+03;213,911E+03;0,52054 ;0,52595 ;0,52537 ;0,52397 ;39,825 ;39,939 ;39,672 ;16,859 ;16,588 ;16,680 ;1,601 ;1,595 ;1,609 ;1,796 ;1,804 ;1,792 ;-0,00012E+03;0,00029E+03;-0,00103E+03;0,28814E+03;0,29371E+03;0,29832E+03;240,287 ;239,619 ;240,543 ;NAN
128;2025/08/20;13:55:51;235;245,683 ;245,585 ;245,443 ;245,570 ;0,28741E+03;0,28942E+03;0,29285E+03;0,28989E+03;36,802E+03;37,536E+03;37,882E+03;112,220E+03;57,024 ;57,023 ;60,263E+03;60,357E+03;61,085E+03;181,704E+03;70,612E+03;71,077E+03;71,878E+03;213,566E+03;0,52119 ;0,52810 ;0,52704 ;0,52546 ;40,009 ;39,921 ;39,618 ;16,654 ;16,976 ;16,782 ;1,605 ;1,606 ;1,599 ;1,820 ;1,776 ;1,765 ;0,00005E+03;-0,00052E+03;0,00040E+03;0,28805E+03;0,28465E+03;0,29039E+03;239,560 ;239,430 ;239,702 ;NAN
129;2025/08/20;13:55:51;736;245,795 ;245,681 ;245,551 ;245,675 ;0,28762E+03;0,29025E+03;0,29331E+03;0,29039E+03;36,698E+03;37,524E+03;37,911E+03;112,133E+03;57,028 ;57,023 ;60,423E+03;60,638E+03;61,239E+03;182,300E+03;70,694E+03;71,309E+03;72,024E+03;214,027E+03;0,51911 ;0,52622 ;0,52637 ;0,52392 ;39,865 ;40,122 ;39,705 ;16,447 ;16,717 ;17,014 ;1,602 ;1,595 ;1,594 ;1,795 ;1,770 ;1,779 ;-0,00081E+03;0,00073E+03;-0,00049E+03;0,29049E+03;0,29034E+03;0,28632E+03;240,196 ;238,998 ;239,570 ;NAN
130;2025/08/20;13:55:52;236;245,638 ;245,520 ;245,404 ;245,521 ;0,28540E+03;0,28762E+03;0,29131E+03;0,28811E+03;36,599E+03;37,283E+03;37,749E+03;111,630E+03;57,024 ;57,030 ;59,794E+03;59,971E+03;60,709E+03;180,475E+03;70,106E+03;70,615E+03;71,488E+03;212,210E+03;0,52205 ;0,52797 ;0,52804 ;0,52604 ;39,670 ;39,096 ;39,863 ;16,720 ;16,445 ;16,887 ;1,595 ;1,593 ;1,615 ;1,810 ;1,777 ;1,772 ;-0,00097E+03;-0,00089E+03;0,00019E+03;0,28649E+03;0,29191E+03;0,29249E+03;240,657 ;239,891 ;239,527 ;NAN
131;2025/08/20;13:55:52;736;246,006 ;245,857 ;245,770 ;245,878 ;0,28643E+03;0,28807E+03;0,29263E+03;0,28904E+03;36,334E+03;36,823E+03;37,378E+03;110,534E+03;57,032 ;57,031 ;60,375E+03;60,500E+03;61,443E+03;182,318E+03;70,465E+03;70,825E+03;71,919E+03;213,208E+03;0,51563 ;0,51991 ;0,51972 ;0,51843 ;39,819 ;39,280 ;39,775 ;16,648 ;16,717 ;16,675 ;1,602 ;1,616 ;1,604 ;1,812 ;1,801 ;1,785 ;-0,00054E+03;0,00017E+03;-0,00000E+03;0,29050E+03;0,28998E+03;0,29311E+03;240,164 ;239,725 ;239,852 ;NAN
132;2025/08/20;13:55:53;236;246,109 ;245,940 ;245,834 ;245,961 ;0,28591E+03;0,28756E+03;0,29190E+03;0,28846E+03;35,935E+03;36,459E+03;36,956E+03;109,350E+03;57,031 ;57,022 ;60,497E+03;60,602E+03;61,511E+03;182,609E+03;70,365E+03;70,723E+03;71,759E+03;212,847E+03;0,51070 ;0,51551 ;0,51500 ;0,51375 ;39,529 ;40,381 ;39,739 ;16,639 ;16,751 ;17,017 ;1,597 ;1,604 ;1,599 ;1,817 ;1,790 ;1,790 ;0,00021E+03;0,00004E+03;0,00007E+03;0,28526E+03;0,28510E+03;0,28546E+03;240,268 ;239,395 ;238,921 ;NAN
133;2025/08/20;13:55:53;736;246,059 ;245,946 ;245,833 ;245,946 ;0,28277E+03;0,28523E+03;0,28873E+03;0,28558E+03;35,325E+03;36,047E+03;36,515E+03;107,887E+03;57,032 ;57,038 ;59,944E+03;60,181E+03;60,867E+03;180,992E+03;69,578E+03;70,151E+03;70,980E+03;210,709E+03;0,50770 ;0,51385 ;0,51445 ;0,51202 ;39,732 ;39,930 ;39,864 ;17,214 ;16,577 ;17,035 ;1,602 ;1,596 ;1,601 ;1,807 ;1,806 ;1,791 ;-0,00017E+03;0,00001E+03;-0,00040E+03;0,27795E+03;0,28742E+03;0,28623E+03;240,598 ;240,233 ;239,918 ;NAN
134;2025/08/20;13:55:54;236;246,234 ;246,121 ;246,002 ;246,119 ;0,28252E+03;0,28384E+03;0,28794E+03;0,28477E+03;35,236E+03;35,792E+03;36,158E+03;107,186E+03;57,026 ;57,025 ;59,982E+03;59,994E+03;60,910E+03;180,886E+03;69,566E+03;69,860E+03;70,834E+03;210,259E+03;0,50652 ;0,51235 ;0,51046 ;0,50978 ;39,571 ;40,044 ;39,924 ;16,650 ;16,761 ;16,773 ;1,606 ;1,599 ;1,611 ;1,804 ;1,794 ;1,792 ;0,00085E+03;-0,00026E+03;0,00025E+03;0,28826E+03;0,28870E+03;0,29157E+03;240,930 ;240,274 ;240,133 ;NAN
135;2025/08/20;13:55:54;736;246,154 ;246,036 ;245,908 ;246,033 ;0,28242E+03;0,28437E+03;0,28767E+03;0,28482E+03;35,081E+03;35,813E+03;36,120E+03;107,014E+03;57,026 ;57,025 ;60,019E+03;60,104E+03;60,825E+03;180,948E+03;69,519E+03;69,965E+03;70,741E+03;210,225E+03;0,50462 ;0,51188 ;0,51060 ;0,50905 ;39,478 ;39,926 ;40,119 ;16,855 ;16,598 ;17,050 ;1,597 ;1,604 ;1,602 ;1,830 ;1,795 ;1,781 ;-0,00246E+03;0,00074E+03;0,00011E+03;0,28270E+03;0,28652E+03;0,28671E+03;240,496 ;240,299 ;239,827 ;NAN
136;2025/08/20;13:55:55;236;246,413 ;246,264 ;246,169 ;246,282 ;0,28407E+03;0,28541E+03;0,28943E+03;0,28630E+03;35,223E+03;35,811E+03;36,159E+03;107,192E+03;57,022 ;57,035 ;60,491E+03;60,478E+03;61,391E+03;182,360E+03;69,999E+03;70,285E+03;71,248E+03;211,532E+03;0,50319 ;0,50951 ;0,50750 ;0,50674 ;40,053 ;40,072 ;39,815 ;16,879 ;16,662 ;16,910 ;1,616 ;1,598 ;1,606 ;1,823 ;1,790 ;1,802 ;0,00096E+03;-0,00017E+03;-0,00050E+03;0,28429E+03;0,28645E+03;0,28710E+03;239,736 ;240,460 ;240,418 ;NAN
137;2025/08/20;13:55:55;735;246,135 ;246,000 ;245,882 ;246,005 ;0,28178E+03;0,28365E+03;0,28764E+03;0,28436E+03;35,238E+03;35,825E+03;36,296E+03;107,359E+03;57,023 ;57,012 ;59,736E+03;59,880E+03;60,702E+03;180,318E+03;69,355E+03;69,778E+03;70,726E+03;209,859E+03;0,50808 ;0,51341 ;0,51320 ;0,51158 ;39,957 ;40,163 ;39,737 ;16,844 ;16,822 ;16,922 ;1,602 ;1,603 ;1,611 ;1,807 ;1,792 ;1,782 ;0,00118E+03;-0,00072E+03;0,00022E+03;0,28050E+03;0,28284E+03;0,28401E+03;240,080 ;239,997 ;239,974 ;NAN
138;2025/08/20;13:55:56;237;246,305 ;246,164 ;246,063 ;246,177 ;0,28311E+03;0,28486E+03;0,28925E+03;0,28574E+03;35,258E+03;35,767E+03;36,288E+03;107,313E+03;57,022 ;57,017 ;60,160E+03;60,314E+03;61,228E+03;181,702E+03;69,731E+03;70,121E+03;71,174E+03;211,026E+03;0,50564 ;0,51007 ;0,50985 ;0,50853 ;39,579 ;40,007 ;40,088 ;16,548 ;16,757 ;17,117 ;1,592 ;1,593 ;1,606 ;1,817 ;1,804 ;1,784 ;-0,00092E+03;0,00093E+03;0,00011E+03;0,28591E+03;0,28504E+03;0,28632E+03;240,810 ;240,502 ;239,526 ;NAN
139;2025/08/20;13:55:56;736;246,193 ;246,055 ;245,949 ;246,066 ;0,28214E+03;0,28448E+03;0,28784E+03;0,28482E+03;35,096E+03;35,835E+03;36,260E+03;107,191E+03;57,024 ;57,029 ;59,942E+03;60,128E+03;60,803E+03;180,873E+03;69,460E+03;69,997E+03;70,794E+03;210,251E+03;0,50526 ;0,51195 ;0,51219 ;0,50982 ;39,666 ;39,816 ;40,408 ;16,899 ;16,515 ;17,052 ;1,598 ;1,596 ;1,599 ;1,822 ;1,789 ;1,790 ;-0,00009E+03;-0,00020E+03;0,00025E+03;0,28180E+03;0,28906E+03;0,28659E+03;240,398 ;240,348 ;239,963 ;NAN
140;2025/08/20;13:55:57;236;246,298 ;246,147 ;246,035 ;246,160 ;0,28372E+03;0,28565E+03;0,28996E+03;0,28644E+03;35,243E+03;35,775E+03;36,313E+03;107,331E+03;57,021 ;57,017 ;60,341E+03;60,530E+03;61,406E+03;182,277E+03;69,880E+03;70,311E+03;71,339E+03;211,530E+03;0,50434 ;0,50880 ;0,50902 ;0,50740 ;39,946 ;39,859 ;39,795 ;16,845 ;16,774 ;16,699 ;1,596 ;1,602 ;1,598 ;1,832 ;1,821 ;1,813 ;0,00004E+03;-0,00033E+03;-0,00067E+03;0,28087E+03;0,28412E+03;0,28783E+03;239,882 ;240,587 ;240,011 ;NAN
141;2025/08/20;13:55:57;738;246,111 ;245,996 ;245,882 ;245,996 ;0,28068E+03;0,28267E+03;0,28667E+03;0,28334E+03;35,138E+03;35,728E+03;36,216E+03;107,082E+03;57,022 ;57,017 ;59,475E+03;59,654E+03;60,471E+03;179,600E+03;69,079E+03;69,535E+03;70,486E+03;209,101E+03;0,50866 ;0,51381 ;0,51381 ;0,51211 ;39,618 ;39,755 ;40,262 ;16,674 ;16,863 ;16,970 ;1,607 ;1,600 ;1,604 ;1,822 ;1,817 ;1,801 ;-0,00002E+03;-0,00031E+03;0,00001E+03;0,28523E+03;0,28766E+03;0,28875E+03;240,883 ;241,387 ;240,711 ;NAN
142;2025/08/20;13:55:58;237;246,412 ;246,283 ;246,157 ;246,284 ;0,28335E+03;0,28491E+03;0,28866E+03;0,28564E+03;35,148E+03;35,785E+03;36,109E+03;107,042E+03;57,022 ;57,023 ;60,329E+03;60,357E+03;61,196E+03;181,882E+03;69,821E+03;70,168E+03;71,055E+03;211,043E+03;0,50340 ;0,51000 ;0,50818 ;0,50720 ;39,867 ;39,580 ;40,231 ;16,498 ;16,779 ;17,110 ;1,614 ;1,606 ;1,606 ;1,834 ;1,818 ;1,807 ;0,00103E+03;0,00004E+03;0,00018E+03;0,28882E+03;0,28734E+03;0,28783E+03;240,363 ;240,905 ;239,538 ;NAN
143;2025/08/20;13:55:58;737;246,195 ;246,093 ;245,977 ;246,088 ;0,28325E+03;0,28533E+03;0,28919E+03;0,28592E+03;35,169E+03;35,809E+03;36,281E+03;107,260E+03;57,025 ;57,028 ;60,217E+03;60,400E+03;61,186E+03;181,803E+03;69,735E+03;70,217E+03;71,134E+03;211,086E+03;0,50433 ;0,50998 ;0,51004 ;0,50813 ;40,054 ;39,653 ;40,073 ;17,007 ;16,566 ;16,956 ;1,592 ;1,604 ;1,602 ;1,823 ;1,807 ;1,787 ;0,00003E+03;0,00001E+03;-0,00003E+03;0,27687E+03;0,28577E+03;0,28519E+03;240,268 ;240,200 ;239,829 ;NAN
144;2025/08/20;13:55:59;235;246,300 ;246,126 ;246,036 ;246,154 ;0,28213E+03;0,28356E+03;0,28758E+03;0,28443E+03;35,142E+03;35,711E+03;36,092E+03;106,945E+03;57,020 ;57,025 ;59,947E+03;59,964E+03;60,859E+03;180,770E+03;69,489E+03;69,792E+03;70,756E+03;210,036E+03;0,50573 ;0,51168 ;0,51009 ;0,50917 ;39,925 ;39,666 ;39,120 ;17,021 ;16,670 ;16,475 ;1,590 ;1,618 ;1,603 ;1,826 ;1,807 ;1,793 ;-0,00066E+03;0,00028E+03;0,00043E+03;0,28221E+03;0,28618E+03;0,29361E+03;240,274 ;240,954 ;240,973 ;NAN
145;2025/08/20;13:55:59;738;246,188 ;246,051 ;245,938 ;246,059 ;0,28243E+03;0,28391E+03;0,28839E+03;0,28491E+03;35,206E+03;35,680E+03;36,180E+03;107,066E+03;57,023 ;57,010 ;59,959E+03;60,058E+03;61,005E+03;181,022E+03;69,531E+03;69,857E+03;70,927E+03;210,315E+03;0,50634 ;0,51075 ;0,51010 ;0,50908 ;39,766 ;40,297 ;39,627 ;16,639 ;16,757 ;16,808 ;1,598 ;1,601 ;1,596 ;1,806 ;1,791 ;1,786 ;0,00111E+03;0,00027E+03;-0,00068E+03;0,28299E+03;0,28594E+03;0,28700E+03;240,911 ;239,676 ;240,303 ;NAN
146;2025/08/20;13:56:00;238;246,420 ;246,283 ;246,162 ;246,288 ;0,28340E+03;0,28537E+03;0,28915E+03;0,28597E+03;35,145E+03;35,786E+03;36,202E+03;107,134E+03;57,022 ;57,019 ;60,348E+03;60,487E+03;61,283E+03;182,119E+03;69,836E+03;70,281E+03;71,177E+03;211,294E+03;0,50325 ;0,50919 ;0,50862 ;0,50704 ;39,814 ;39,715 ;39,814 ;16,547 ;16,773 ;17,137 ;1,603 ;1,595 ;1,599 ;1,805 ;1,799 ;1,787 ;0,00005E+03;-0,00058E+03;-0,00000E+03;0,28438E+03;0,28394E+03;0,28260E+03;240,051 ;241,012 ;239,046 ;NAN
147;2025/08/20;13:56:00;738;246,092 ;245,976 ;245,875 ;245,981 ;0,28192E+03;0,28329E+03;0,28752E+03;0,28425E+03;35,254E+03;35,794E+03;36,201E+03;107,249E+03;57,023 ;57,029 ;59,755E+03;59,788E+03;60,721E+03;180,265E+03;69,379E+03;69,684E+03;70,694E+03;209,757E+03;0,50814 ;0,51366 ;0,51208 ;0,51130 ;39,988 ;39,989 ;39,741 ;17,005 ;16,488 ;16,900 ;1,592 ;1,600 ;1,592 ;1,824 ;1,803 ;1,801 ;-0,00015E+03;-0,00009E+03;0,00021E+03;0,27699E+03;0,28698E+03;0,28575E+03;240,152 ;239,844 ;240,145 ;NAN
148;2025/08/20;13:56:01;236;246,314 ;246,160 ;246,068 ;246,181 ;0,28193E+03;0,28328E+03;0,28783E+03;0,28435E+03;35,171E+03;35,631E+03;36,108E+03;106,911E+03;57,020 ;57,023 ;59,878E+03;59,942E+03;60,931E+03;180,750E+03;69,443E+03;69,732E+03;70,826E+03;210,002E+03;0,50648 ;0,51097 ;0,50981 ;0,50909 ;39,866 ;39,414 ;39,887 ;16,909 ;16,564 ;16,378 ;1,600 ;1,615 ;1,598 ;1,851 ;1,815 ;1,806 ;0,00046E+03;0,00032E+03;0,00001E+03;0,28293E+03;0,28781E+03;0,29652E+03;241,057 ;241,464 ;240,681 ;NAN
149;2025/08/20;13:56:01;737;246,314 ;246,190 ;246,057 ;246,187 ;0,28420E+03;0,28587E+03;0,28960E+03;0,28655E+03;35,329E+03;35,979E+03;36,327E+03;107,635E+03;57,022 ;57,015 ;60,432E+03;60,486E+03;61,302E+03;182,220E+03;70,001E+03;70,378E+03;71,257E+03;211,636E+03;0,50469 ;0,51123 ;0,50980 ;0,50859 ;39,481 ;40,132 ;39,768 ;16,594 ;16,523 ;16,804 ;1,603 ;1,594 ;1,621 ;1,814 ;1,802 ;1,807 ;-0,00076E+03;-0,00069E+03;0,00022E+03;0,28078E+03;0,28585E+03;0,28575E+03;239,858 ;239,752 ;239,483 ;NAN
150;2025/08/20;13:56:02;234;245,939 ;245,782 ;245,688 ;245,803 ;0,28401E+03;0,28514E+03;0,28964E+03;0,28627E+03;35,941E+03;36,414E+03;36,836E+03;109,191E+03;57,014 ;57,013 ;59,894E+03;59,880E+03;60,885E+03;180,659E+03;69,850E+03;70,083E+03;71,161E+03;211,094E+03;0,51455 ;0,51958 ;0,51765 ;0,51726 ;39,856 ;39,934 ;39,699 ;16,661 ;16,708 ;17,014 ;1,596 ;1,603 ;1,616 ;1,806 ;1,809 ;1,788 ;0,00054E+03;0,00057E+03;-0,00081E+03;0,28274E+03;0,28339E+03;0,28393E+03;239,999 ;240,667 ;239,559 ;NAN
151;2025/08/20;13:56:02;736;245,835 ;245,712 ;245,590 ;245,712 ;0,28437E+03;0,28657E+03;0,28958E+03;0,28684E+03;36,179E+03;36,998E+03;37,304E+03;110,480E+03;57,016 ;57,020 ;59,817E+03;59,912E+03;60,549E+03;180,278E+03;69,907E+03;70,415E+03;71,118E+03;211,440E+03;0,51753 ;0,52542 ;0,52453 ;0,52251 ;39,779 ;40,019 ;39,734 ;16,770 ;16,500 ;16,838 ;1,604 ;1,589 ;1,611 ;1,803 ;1,786 ;1,783 ;-0,00144E+03;0,00013E+03;0,00083E+03;0,28590E+03;0,29255E+03;0,29170E+03;240,275 ;239,800 ;240,594 ;NAN
152;2025/08/20;13:56:03;237;245,814 ;245,683 ;245,593 ;245,697 ;0,28689E+03;0,28804E+03;0,29258E+03;0,28917E+03;36,740E+03;37,226E+03;37,658E+03;111,624E+03;57,015 ;57,021 ;60,194E+03;60,184E+03;61,197E+03;181,575E+03;70,521E+03;70,766E+03;71,856E+03;213,143E+03;0,52098 ;0,52604 ;0,52408 ;0,52370 ;39,139 ;39,386 ;40,248 ;16,948 ;16,417 ;16,626 ;1,613 ;1,603 ;1,598 ;1,802 ;1,785 ;1,767 ;-0,00083E+03;-0,00025E+03;-0,00036E+03;0,28085E+03;0,29292E+03;0,29565E+03;240,285 ;240,887 ;239,232 ;NAN
153;2025/08/20;13:56:03;737;245,768 ;245,641 ;245,531 ;245,647 ;0,28819E+03;0,28949E+03;0,29412E+03;0,29060E+03;36,894E+03;37,373E+03;37,853E+03;112,120E+03;57,022 ;57,021 ;60,461E+03;60,498E+03;61,500E+03;182,458E+03;70,829E+03;71,110E+03;72,215E+03;214,154E+03;0,52089 ;0,52556 ;0,52417 ;0,52355 ;39,800 ;39,870 ;39,814 ;16,963 ;16,612 ;16,801 ;1,601 ;1,595 ;1,605 ;1,801 ;1,791 ;1,786 ;0,00087E+03;0,00027E+03;-0,00070E+03;0,27791E+03;0,28565E+03;0,29024E+03;239,607 ;239,223 ;240,044 ;NAN
154;2025/08/20;13:56:04;236;245,628 ;245,494 ;245,387 ;245,503 ;0,28552E+03;0,28738E+03;0,29189E+03;0,28826E+03;36,754E+03;37,256E+03;37,845E+03;111,855E+03;57,020 ;57,020 ;59,730E+03;59,911E+03;60,810E+03;180,450E+03;70,132E+03;70,550E+03;71,625E+03;212,307E+03;0,52407 ;0,52808 ;0,52838 ;0,52686 ;39,669 ;39,776 ;39,887 ;16,907 ;16,872 ;16,540 ;1,598 ;1,600 ;1,595 ;1,819 ;1,807 ;1,778 ;0,00067E+03;-0,00097E+03;0,00126E+03;0,28778E+03;0,28991E+03;0,29711E+03;240,246 ;239,593 ;240,255 ;NAN
155;2025/08/20;13:56:04;736;245,714 ;245,561 ;245,453 ;245,576 ;0,28588E+03;0,28725E+03;0,29107E+03;0,28807E+03;36,677E+03;37,309E+03;37,631E+03;111,617E+03;57,023 ;57,021 ;59,910E+03;59,862E+03;60,729E+03;180,501E+03;70,245E+03;70,537E+03;71,443E+03;212,226E+03;0,52213 ;0,52893 ;0,52672 ;0,52594 ;39,867 ;39,872 ;39,786 ;16,760 ;16,786 ;16,733 ;1,612 ;1,606 ;1,593 ;1,821 ;1,806 ;1,807 ;-0,00004E+03;0,00058E+03;-0,00033E+03;0,29083E+03;0,29319E+03;0,29846E+03;240,311 ;240,511 ;240,625 ;NAN
156;2025/08/20;13:56:05;237;245,931 ;245,837 ;245,725 ;245,831 ;0,28801E+03;0,29026E+03;0,29422E+03;0,29083E+03;36,624E+03;37,275E+03;37,777E+03;111,676E+03;57,027 ;57,034 ;60,628E+03;60,846E+03;61,641E+03;183,116E+03;70,832E+03;71,356E+03;72,296E+03;214,484E+03;0,51706 ;0,52238 ;0,52254 ;0,52067 ;39,866 ;39,542 ;39,878 ;16,956 ;16,618 ;16,852 ;1,595 ;1,599 ;1,592 ;1,810 ;1,780 ;1,779 ;-0,00154E+03;-0,00013E+03;0,00010E+03;0,28608E+03;0,29107E+03;0,29327E+03;239,566 ;240,245 ;239,146 ;NAN
157;2025/08/20;13:56:05;737;245,647 ;245,498 ;245,386 ;245,510 ;0,28680E+03;0,28811E+03;0,29262E+03;0,28918E+03;36,848E+03;37,336E+03;37,799E+03;111,982E+03;57,022 ;57,015 ;60,049E+03;60,075E+03;61,051E+03;181,175E+03;70,453E+03;70,732E+03;71,805E+03;212,989E+03;0,52301 ;0,52785 ;0,52641 ;0,52576 ;39,811 ;39,984 ;39,853 ;16,749 ;16,810 ;16,710 ;1,597 ;1,598 ;1,596 ;1,797 ;1,795 ;1,788 ;-0,00048E+03;0,00046E+03;-0,00104E+03;0,28406E+03;0,28307E+03;0,29218E+03;240,065 ;239,572 ;239,466 ;NAN
158;2025/08/20;13:56:06;237;245,686 ;245,546 ;245,446 ;245,559 ;0,28592E+03;0,28708E+03;0,29147E+03;0,28816E+03;36,735E+03;37,239E+03;37,643E+03;111,617E+03;57,024 ;57,018 ;59,877E+03;59,853E+03;60,834E+03;180,564E+03;70,248E+03;70,492E+03;71,539E+03;212,278E+03;0,52294 ;0,52827 ;0,52619 ;0,52580 ;38,890 ;39,888 ;39,554 ;16,715 ;16,825 ;16,443 ;1,621 ;1,605 ;1,601 ;1,795 ;1,792 ;1,786 ;-0,00055E+03;0,00006E+03;0,00035E+03;0,28826E+03;0,29166E+03;0,29942E+03;240,138 ;239,882 ;240,186 ;NAN
159;2025/08/20;13:56:06;738;245,899 ;245,745 ;245,655 ;245,766 ;0,28805E+03;0,29006E+03;0,29351E+03;0,29054E+03;36,619E+03;37,363E+03;37,718E+03;111,700E+03;57,027 ;57,037 ;60,630E+03;60,705E+03;61,451E+03;182,785E+03;70,830E+03;71,282E+03;72,103E+03;214,214E+03;0,51699 ;0,52416 ;0,52311 ;0,52144 ;39,503 ;39,899 ;39,606 ;16,747 ;16,575 ;17,055 ;1,598 ;1,594 ;1,600 ;1,782 ;1,785 ;1,782 ;0,00008E+03;-0,00072E+03;-0,00018E+03;0,28387E+03;0,29054E+03;0,28960E+03;239,223 ;239,095 ;239,546 ;NAN
160;2025/08/20;13:56:07;237;245,595 ;245,436 ;245,349 ;245,460 ;0,28561E+03;0,28666E+03;0,29086E+03;0,28771E+03;36,771E+03;37,311E+03;37,659E+03;111,741E+03;57,023 ;57,027 ;59,735E+03;59,649E+03;60,616E+03;180,000E+03;70,145E+03;70,357E+03;71,361E+03;211,864E+03;0,52421 ;0,53031 ;0,52772 ;0,52742 ;39,857 ;39,859 ;39,700 ;16,961 ;16,878 ;16,800 ;1,598 ;1,600 ;1,595 ;1,786 ;1,789 ;1,768 ;0,00051E+03;0,00046E+03;0,00016E+03;0,28240E+03;0,28646E+03;0,29356E+03;239,551 ;239,851 ;238,564 ;NAN
161;2025/08/20;13:56:07;737;245,959 ;245,826 ;245,695 ;245,827 ;0,28810E+03;0,28952E+03;0,29354E+03;0,29039E+03;36,657E+03;37,255E+03;37,614E+03;111,525E+03;57,025 ;57,020 ;60,642E+03;60,642E+03;61,537E+03;182,821E+03;70,860E+03;71,171E+03;72,122E+03;214,154E+03;0,51731 ;0,52346 ;0,52153 ;0,52077 ;40,065 ;39,913 ;39,499 ;16,980 ;16,851 ;16,634 ;1,610 ;1,596 ;1,593 ;1,815 ;1,783 ;1,777 ;-0,00013E+03;0,00025E+03;-0,00008E+03;0,28309E+03;0,28617E+03;0,29390E+03;239,381 ;238,878 ;239,834 ;NAN
162;2025/08/20;13:56:08;237;245,744 ;245,617 ;245,497 ;245,619 ;0,28718E+03;0,28900E+03;0,29267E+03;0,28962E+03;36,709E+03;37,387E+03;37,755E+03;111,851E+03;57,026 ;57,020 ;60,274E+03;60,340E+03;61,131E+03;181,745E+03;70,573E+03;70,983E+03;71,850E+03;213,407E+03;0,52016 ;0,52670 ;0,52547 ;0,52412 ;39,815 ;39,321 ;39,636 ;16,935 ;16,653 ;16,900 ;1,608 ;1,596 ;1,601 ;1,798 ;1,799 ;1,784 ;0,00095E+03;-0,00069E+03;0,00011E+03;0,27982E+03;0,28611E+03;0,28800E+03;239,255 ;239,800 ;239,571 ;NAN
163;2025/08/20;13:56:08;738;245,592 ;245,495 ;245,382 ;245,490 ;0,28524E+03;0,28721E+03;0,29196E+03;0,28814E+03;36,690E+03;37,165E+03;37,804E+03;111,659E+03;57,021 ;57,029 ;59,677E+03;59,918E+03;60,857E+03;180,452E+03;70,054E+03;70,509E+03;71,643E+03;212,205E+03;0,52375 ;0,52710 ;0,52767 ;0,52619 ;39,868 ;39,681 ;40,019 ;17,018 ;16,558 ;16,703 ;1,594 ;1,591 ;1,600 ;1,832 ;1,800 ;1,788 ;0,00010E+03;-0,00025E+03;0,00045E+03;0,28319E+03;0,29026E+03;0,29414E+03;240,136 ;239,940 ;239,631 ;NAN
164;2025/08/20;13:56:09;237;245,756 ;245,630 ;245,522 ;245,636 ;0,28554E+03;0,28692E+03;0,29094E+03;0,28780E+03;36,607E+03;37,197E+03;37,570E+03;111,374E+03;57,025 ;57,027 ;59,869E+03;59,860E+03;60,754E+03;180,483E+03;70,174E+03;70,476E+03;71,432E+03;212,081E+03;0,52167 ;0,52780 ;0,52595 ;0,52515 ;39,814 ;39,961 ;39,929 ;16,720 ;16,895 ;16,602 ;1,599 ;1,600 ;1,612 ;1,840 ;1,825 ;1,808 ;-0,00033E+03;0,00013E+03;-0,00079E+03;0,29216E+03;0,28998E+03;0,30181E+03;241,165 ;240,516 ;239,420 ;NAN
165;2025/08/20;13:56:09;738;245,980 ;245,810 ;245,706 ;245,832 ;0,28780E+03;0,28952E+03;0,29328E+03;0,29020E+03;36,611E+03;37,268E+03;37,634E+03;111,512E+03;57,025 ;57,023 ;60,592E+03;60,628E+03;61,451E+03;182,671E+03;70,794E+03;71,166E+03;72,060E+03;214,019E+03;0,51715 ;0,52367 ;0,52226 ;0,52104 ;39,828 ;39,820 ;39,971 ;16,596 ;16,630 ;16,748 ;1,595 ;1,596 ;1,594 ;1,807 ;1,790 ;1,793 ;-0,00032E+03;0,00015E+03;0,00066E+03;0,28772E+03;0,28949E+03;0,29449E+03;239,549 ;239,917 ;239,090 ;NAN
166;2025/08/20;13:56:10;236;245,828 ;245,690 ;245,575 ;245,698 ;0,28806E+03;0,28956E+03;0,29365E+03;0,29042E+03;36,706E+03;37,293E+03;37,689E+03;111,688E+03;57,027 ;57,018 ;60,558E+03;60,583E+03;61,481E+03;182,622E+03;70,813E+03;71,142E+03;72,113E+03;214,069E+03;0,51835 ;0,52421 ;0,52264 ;0,52174 ;40,102 ;39,174 ;39,673 ;17,022 ;16,510 ;16,642 ;1,599 ;1,598 ;1,598 ;1,802 ;1,781 ;1,798 ;0,00014E+03;-0,00015E+03;0,00002E+03;0,27613E+03;0,28206E+03;0,29149E+03;238,255 ;240,066 ;239,646 ;NAN
167;2025/08/20;13:56:10;735;245,642 ;245,511 ;245,400 ;245,518 ;0,28587E+03;0,28756E+03;0,29259E+03;0,28867E+03;36,751E+03;37,151E+03;37,807E+03;111,709E+03;57,021 ;57,017 ;59,838E+03;60,033E+03;61,042E+03;180,913E+03;70,222E+03;70,599E+03;71,802E+03;212,623E+03;0,52335 ;0,52623 ;0,52654 ;0,52538 ;39,699 ;39,996 ;39,900 ;16,817 ;16,874 ;16,498 ;1,595 ;1,604 ;1,605 ;1,814 ;1,804 ;1,781 ;-0,00014E+03;0,00009E+03;-0,00069E+03;0,28403E+03;0,28033E+03;0,29232E+03;240,019 ;239,886 ;239,116 ;NAN
168;2025/08/20;13:56:11;235;245,698 ;245,582 ;245,466 ;245,582 ;0,28552E+03;0,28694E+03;0,29116E+03;0,28787E+03;36,625E+03;37,172E+03;37,592E+03;111,389E+03;57,024 ;57,018 ;59,831E+03;59,865E+03;60,784E+03;180,480E+03;70,151E+03;70,467E+03;71,469E+03;212,087E+03;0,52209 ;0,52751 ;0,52599 ;0,52521 ;39,763 ;39,852 ;39,706 ;16,669 ;16,953 ;16,663 ;1,596 ;1,597 ;1,598 ;1,808 ;1,795 ;1,786 ;-0,00049E+03;-0,00013E+03;0,00057E+03;0,28980E+03;0,28764E+03;0,29852E+03;240,504 ;240,240 ;239,583 ;NAN
169;2025/08/20;13:56:11;737;246,004 ;245,862 ;245,747 ;245,871 ;0,28739E+03;0,28947E+03;0,29281E+03;0,28989E+03;36,438E+03;37,201E+03;37,541E+03;111,179E+03;57,026 ;57,030 ;60,587E+03;60,674E+03;61,388E+03;182,648E+03;70,700E+03;71,170E+03;71,957E+03;213,827E+03;0,51539 ;0,52270 ;0,52171 ;0,51995 ;40,047 ;39,791 ;39,618 ;16,695 ;16,660 ;16,751 ;1,595 ;1,606 ;1,597 ;1,807 ;1,804 ;1,785 ;0,00053E+03;-0,00046E+03;0,00020E+03;0,28656E+03;0,28741E+03;0,29335E+03;239,224 ;239,907 ;239,676 ;NAN
170;2025/08/20;13:56:12;235;245,881 ;245,738 ;245,606 ;245,742 ;0,28753E+03;0,28919E+03;0,29298E+03;0,28990E+03;36,363E+03;36,998E+03;37,364E+03;110,726E+03;57,030 ;57,013 ;60,629E+03;60,673E+03;61,498E+03;182,800E+03;70,697E+03;71,064E+03;71,959E+03;213,720E+03;0,51435 ;0,52063 ;0,51925 ;0,51809 ;39,884 ;39,895 ;39,983 ;16,905 ;16,956 ;16,796 ;1,592 ;1,600 ;1,592 ;1,821 ;1,806 ;1,808 ;-0,00013E+03;0,00050E+03;-0,00073E+03;0,27935E+03;0,27993E+03;0,28747E+03;238,780 ;239,156 ;239,268 ;NAN
171;2025/08/20;13:56:12;737;245,864 ;245,699 ;245,563 ;245,709 ;0,28318E+03;0,28484E+03;0,28822E+03;0,28541E+03;35,794E+03;36,497E+03;36,775E+03;109,066E+03;57,027 ;57,010 ;59,717E+03;59,714E+03;60,473E+03;179,903E+03;69,623E+03;69,984E+03;70,777E+03;210,383E+03;0,51412 ;0,52150 ;0,51959 ;0,51842 ;39,719 ;40,251 ;39,805 ;16,470 ;16,642 ;16,800 ;1,598 ;1,596 ;1,614 ;1,854 ;1,811 ;1,823 ;-0,00022E+03;-0,00055E+03;0,00089E+03;0,29094E+03;0,29147E+03;0,29239E+03;240,566 ;240,763 ;240,462 ;NAN
172;2025/08/20;13:56:13;237;246,214 ;246,136 ;246,010 ;246,120 ;0,28234E+03;0,28438E+03;0,28857E+03;0,28510E+03;35,235E+03;35,823E+03;36,346E+03;107,404E+03;57,031 ;57,039 ;59,924E+03;60,135E+03;60,982E+03;181,041E+03;69,515E+03;69,996E+03;70,992E+03;210,503E+03;0,50687 ;0,51178 ;0,51198 ;0,51023 ;39,254 ;39,472 ;39,919 ;16,564 ;16,517 ;16,792 ;1,597 ;1,602 ;1,601 ;1,871 ;1,832 ;1,831 ;-0,00146E+03;0,00077E+03;-0,00119E+03;0,29087E+03;0,29228E+03;0,29611E+03;241,322 ;240,288 ;240,423 ;NAN
173;2025/08/20;13:56:13;738;246,515 ;246,393 ;246,250 ;246,386 ;0,28431E+03;0,28668E+03;0,29012E+03;0,28704E+03;34,990E+03;35,723E+03;36,139E+03;106,852E+03;57,029 ;57,021 ;60,729E+03;60,938E+03;61,626E+03;183,293E+03;70,087E+03;70,637E+03;71,441E+03;212,166E+03;0,49923 ;0,50573 ;0,50586 ;0,50363 ;39,948 ;39,977 ;39,963 ;16,749 ;16,977 ;16,654 ;1,625 ;1,604 ;1,602 ;1,821 ;1,813 ;1,821 ;0,00205E+03;-0,00037E+03;0,00064E+03;0,28254E+03;0,27925E+03;0,28803E+03;239,186 ;239,454 ;239,724 ;NAN
174;2025/08/20;13:56:14;236;246,137 ;245,994 ;245,889 ;246,007 ;0,28188E+03;0,28382E+03;0,28830E+03;0,28467E+03;35,152E+03;35,645E+03;36,238E+03;107,035E+03;57,024 ;57,012 ;59,817E+03;60,035E+03;60,928E+03;180,779E+03;69,380E+03;69,819E+03;70,890E+03;210,090E+03;0,50665 ;0,51053 ;0,51119 ;0,50947 ;39,776 ;39,791 ;40,308 ;16,772 ;16,681 ;16,824 ;1,605 ;1,607 ;1,600 ;1,830 ;1,820 ;1,801 ;-0,00252E+03;-0,00026E+03;-0,00058E+03;0,27797E+03;0,28039E+03;0,28467E+03;239,309 ;239,769 ;239,382 ;NAN
175;2025/08/20;13:56:14;741;246,290 ;246,189 ;246,073 ;246,184 ;0,28136E+03;0,28393E+03;0,28729E+03;0,28419E+03;34,959E+03;35,713E+03;36,155E+03;106,827E+03;57,021 ;57,038 ;59,832E+03;60,087E+03;60,749E+03;180,668E+03;69,296E+03;69,899E+03;70,693E+03;209,889E+03;0,50448 ;0,51093 ;0,51143 ;0,50897 ;39,897 ;39,940 ;39,877 ;16,881 ;16,466 ;16,660 ;1,601 ;1,593 ;1,611 ;1,828 ;1,786 ;1,800 ;0,00066E+03;-0,00001E+03;0,00060E+03;0,28140E+03;0,28886E+03;0,29247E+03;240,965 ;240,191 ;240,475 ;NAN
176;2025/08/20;13:56:15;237;246,430 ;246,301 ;246,185 ;246,305 ;0,28367E+03;0,28612E+03;0,28965E+03;0,28648E+03;35,027E+03;35,740E+03;36,213E+03;106,981E+03;57,024 ;57,031 ;60,496E+03;60,736E+03;61,428E+03;182,660E+03;69,905E+03;70,471E+03;71,308E+03;211,684E+03;0,50107 ;0,50716 ;0,50784 ;0,50538 ;39,961 ;39,844 ;39,451 ;16,798 ;16,896 ;16,496 ;1,598 ;1,600 ;1,600 ;1,824 ;1,815 ;1,797 ;0,00164E+03;-0,00012E+03;-0,00040E+03;0,27877E+03;0,27917E+03;0,28974E+03;240,562 ;240,331 ;240,585 ;NAN
177;2025/08/20;13:56:15;738;246,177 ;246,031 ;245,914 ;246,041 ;0,28235E+03;0,28403E+03;0,28751E+03;0,28463E+03;35,129E+03;35,821E+03;36,109E+03;107,059E+03;57,021 ;57,017 ;59,976E+03;60,000E+03;60,785E+03;180,762E+03;69,507E+03;69,880E+03;70,701E+03;210,088E+03;0,50541 ;0,51260 ;0,51073 ;0,50959 ;39,872 ;40,215 ;39,935 ;16,449 ;17,070 ;16,913 ;1,600 ;1,600 ;1,615 ;1,832 ;1,830 ;1,831 ;-0,00096E+03;-0,00023E+03;0,00084E+03;0,28173E+03;0,27556E+03;0,28116E+03;240,308 ;240,427 ;240,447 ;NAN
178;2025/08/20;13:56:16;237;246,202 ;246,085 ;245,950 ;246,079 ;0,28085E+03;0,28268E+03;0,28611E+03;0,28321E+03;34,959E+03;35,662E+03;35,987E+03;106,608E+03;57,021 ;57,017 ;59,657E+03;59,726E+03;60,471E+03;179,854E+03;69,145E+03;69,563E+03;70,369E+03;209,077E+03;0,50559 ;0,51266 ;0,51140 ;0,50990 ;40,040 ;39,770 ;39,902 ;16,693 ;16,554 ;17,019 ;1,606 ;1,603 ;1,599 ;1,840 ;1,815 ;1,826 ;0,00083E+03;0,00053E+03;-0,00002E+03;0,29029E+03;0,29027E+03;0,29239E+03;240,979 ;241,296 ;240,946 ;NAN
179;2025/08/20;13:56:16;737;246,419 ;246,306 ;246,195 ;246,307 ;0,28248E+03;0,28458E+03;0,28823E+03;0,28510E+03;34,987E+03;35,670E+03;36,087E+03;106,743E+03;57,023 ;57,035 ;60,176E+03;60,339E+03;61,099E+03;181,615E+03;69,608E+03;70,094E+03;70,960E+03;210,662E+03;0,50263 ;0,50889 ;0,50855 ;0,50670 ;39,957 ;39,961 ;39,847 ;16,827 ;16,571 ;16,657 ;1,607 ;1,593 ;1,621 ;1,831 ;1,804 ;1,800 ;-0,00002E+03;0,00025E+03;0,00012E+03;0,28375E+03;0,28944E+03;0,29426E+03;240,704 ;240,781 ;240,778 ;NAN
180;2025/08/20;13:56:17;237;246,284 ;246,183 ;246,050 ;246,173 ;0,28247E+03;0,28454E+03;0,28862E+03;0,28521E+03;35,025E+03;35,615E+03;36,119E+03;106,758E+03;57,022 ;57,022 ;60,109E+03;60,320E+03;61,144E+03;181,572E+03;69,569E+03;70,049E+03;71,015E+03;210,633E+03;0,50346 ;0,50843 ;0,50861 ;0,50685 ;39,908 ;39,938 ;39,146 ;16,912 ;17,027 ;16,578 ;1,618 ;1,593 ;1,604 ;1,823 ;1,793 ;1,796 ;0,00154E+03;-0,00103E+03;-0,00144E+03;0,28037E+03;0,27701E+03;0,28924E+03;240,508 ;239,446 ;239,798 ;NAN
181;2025/08/20;13:56:17;736;246,253 ;246,146 ;246,007 ;246,135 ;0,28147E+03;0,28378E+03;0,28672E+03;0,28399E+03;34,912E+03;35,733E+03;36,027E+03;106,672E+03;57,022 ;57,022 ;59,878E+03;60,021E+03;60,641E+03;180,540E+03;69,312E+03;69,852E+03;70,536E+03;209,700E+03;0,50369 ;0,51155 ;0,51077 ;0,50869 ;39,734 ;40,188 ;39,803 ;16,376 ;17,049 ;16,841 ;1,618 ;1,606 ;1,595 ;1,803 ;1,805 ;1,800 ;0,00012E+03;0,00079E+03;0,00046E+03;0,28562E+03;0,27945E+03;0,28465E+03;241,009 ;240,173 ;240,225 ;NAN
182;2025/08/20;13:56:18;237;246,271 ;246,124 ;246,012 ;246,136 ;0,28232E+03;0,28442E+03;0,28788E+03;0,28487E+03;35,031E+03;35,745E+03;36,131E+03;106,907E+03;57,021 ;57,025 ;60,058E+03;60,189E+03;60,911E+03;181,158E+03;69,528E+03;70,003E+03;70,821E+03;210,352E+03;0,50384 ;0,51062 ;0,51017 ;0,50823 ;39,717 ;39,772 ;39,938 ;16,786 ;16,648 ;16,937 ;1,602 ;1,613 ;1,593 ;1,826 ;1,793 ;1,790 ;-0,00168E+03;-0,00057E+03;-0,00028E+03;0,28320E+03;0,28407E+03;0,28818E+03;239,856 ;240,584 ;240,211 ;NAN
183;2025/08/20;13:56:18;738;246,240 ;246,114 ;246,009 ;246,121 ;0,28198E+03;0,28424E+03;0,28774E+03;0,28465E+03;34,991E+03;35,708E+03;36,130E+03;106,829E+03;57,022 ;57,033 ;59,974E+03;60,156E+03;60,872E+03;181,002E+03;69,435E+03;69,956E+03;70,787E+03;210,178E+03;0,50394 ;0,51044 ;0,51041 ;0,50828 ;39,859 ;39,861 ;39,934 ;16,931 ;16,624 ;16,714 ;1,603 ;1,593 ;1,600 ;1,802 ;1,782 ;1,777 ;-0,00021E+03;-0,00008E+03;0,00042E+03;0,28124E+03;0,28566E+03;0,29107E+03;241,162 ;239,775 ;240,504 ;NAN
184;2025/08/20;13:56:19;236;246,347 ;246,233 ;246,121 ;246,233 ;0,28253E+03;0,28431E+03;0,28885E+03;0,28523E+03;35,103E+03;35,595E+03;36,144E+03;106,843E+03;57,022 ;57,021 ;60,099E+03;60,283E+03;61,218E+03;181,600E+03;69,600E+03;70,008E+03;71,092E+03;210,699E+03;0,50436 ;0,50845 ;0,50842 ;0,50709 ;40,001 ;39,965 ;39,896 ;17,001 ;17,005 ;16,613 ;1,621 ;1,606 ;1,591 ;1,828 ;1,779 ;1,789 ;0,00030E+03;0,00058E+03;-0,00022E+03;0,27995E+03;0,27863E+03;0,29229E+03;240,471 ;239,743 ;240,232 ;NAN
185;2025/08/20;13:56:19;738;246,275 ;246,186 ;246,039 ;246,167 ;0,28139E+03;0,28393E+03;0,28656E+03;0,28396E+03;34,885E+03;35,780E+03;36,048E+03;106,714E+03;57,023 ;57,024 ;59,878E+03;60,049E+03;60,594E+03;180,521E+03;69,299E+03;69,901E+03;70,506E+03;209,706E+03;0,50340 ;0,51187 ;0,51128 ;0,50887 ;39,771 ;40,165 ;39,765 ;16,446 ;16,955 ;16,921 ;1,607 ;1,607 ;1,600 ;1,818 ;1,803 ;1,789 ;-0,00085E+03;-0,00013E+03;0,00062E+03;0,28553E+03;0,28062E+03;0,28453E+03;240,963 ;239,747 ;239,915 ;NAN
186;2025/08/20;13:56:20;236;246,282 ;246,143 ;246,040 ;246,155 ;0,28233E+03;0,28460E+03;0,28874E+03;0,28523E+03;35,028E+03;35,610E+03;36,179E+03;106,817E+03;57,022 ;57,026 ;60,066E+03;60,327E+03;61,140E+03;181,534E+03;69,534E+03;70,053E+03;71,042E+03;210,629E+03;0,50376 ;0,50832 ;0,50926 ;0,50713 ;39,976 ;39,659 ;39,086 ;16,834 ;16,517 ;16,833 ;1,600 ;1,604 ;1,612 ;1,825 ;1,781 ;1,797 ;-0,00214E+03;-0,00022E+03;-0,00089E+03;0,28094E+03;0,28441E+03;0,28715E+03;239,710 ;240,757 ;240,148 ;NAN
187;2025/08/20;13:56:20;736;246,243 ;246,134 ;246,013 ;246,130 ;0,28192E+03;0,28371E+03;0,28728E+03;0,28430E+03;35,038E+03;35,725E+03;36,067E+03;106,829E+03;57,022 ;57,033 ;59,929E+03;60,000E+03;60,780E+03;180,708E+03;69,420E+03;69,830E+03;70,675E+03;209,925E+03;0,50472 ;0,51160 ;0,51032 ;0,50889 ;40,081 ;39,980 ;40,019 ;16,894 ;16,604 ;16,731 ;1,609 ;1,599 ;1,613 ;1,812 ;1,799 ;1,774 ;0,00205E+03;0,00041E+03;0,00003E+03;0,28190E+03;0,28559E+03;0,29099E+03;241,222 ;239,723 ;240,875 ;NAN
188;2025/08/20;13:56:21;237;246,358 ;246,245 ;246,102 ;246,235 ;0,28262E+03;0,28508E+03;0,28831E+03;0,28534E+03;34,950E+03;35,722E+03;36,118E+03;106,790E+03;57,021 ;57,021 ;60,219E+03;60,430E+03;61,075E+03;181,724E+03;69,627E+03;70,199E+03;70,955E+03;210,780E+03;0,50196 ;0,50888 ;0,50902 ;0,50664 ;40,026 ;40,080 ;39,757 ;16,879 ;17,091 ;16,754 ;1,603 ;1,599 ;1,600 ;1,822 ;1,792 ;1,812 ;0,00019E+03;-0,00049E+03;0,00032E+03;0,28206E+03;0,27805E+03;0,28798E+03;240,176 ;239,625 ;239,882 ;NAN
189;2025/08/20;13:56:21;737;246,342 ;246,225 ;246,095 ;246,221 ;0,28215E+03;0,28405E+03;0,28705E+03;0,28442E+03;34,957E+03;35,758E+03;35,984E+03;106,699E+03;57,024 ;57,020 ;60,074E+03;60,107E+03;60,790E+03;180,971E+03;69,505E+03;69,939E+03;70,642E+03;210,086E+03;0,50295 ;0,51127 ;0,50938 ;0,50788 ;39,692 ;40,042 ;39,819 ;16,409 ;16,951 ;17,111 ;1,601 ;1,604 ;1,591 ;1,810 ;1,786 ;1,801 ;-0,00070E+03;0,00051E+03;-0,00029E+03;0,28650E+03;0,28133E+03;0,28401E+03;240,422 ;239,839 ;240,024 ;NAN
190;2025/08/20;13:56:22;238;246,207 ;246,041 ;245,928 ;246,059 ;0,28208E+03;0,28349E+03;0,28736E+03;0,28431E+03;35,149E+03;35,756E+03;36,088E+03;106,992E+03;57,019 ;57,016 ;59,898E+03;59,889E+03;60,761E+03;180,548E+03;69,449E+03;69,751E+03;70,670E+03;209,870E+03;0,50611 ;0,51262 ;0,51065 ;0,50980 ;39,340 ;39,728 ;39,884 ;16,530 ;16,948 ;17,112 ;1,597 ;1,603 ;1,590 ;1,805 ;1,797 ;1,786 ;0,00066E+03;-0,00071E+03;0,00061E+03;0,28431E+03;0,27865E+03;0,28237E+03;240,180 ;240,792 ;239,415 ;NAN
191;2025/08/20;13:56:22;737;245,973 ;245,861 ;245,746 ;245,860 ;0,28292E+03;0,28450E+03;0,28829E+03;0,28524E+03;35,565E+03;36,206E+03;36,550E+03;108,321E+03;57,018 ;57,020 ;59,818E+03;59,849E+03;60,690E+03;180,357E+03;69,592E+03;69,948E+03;70,846E+03;210,386E+03;0,51105 ;0,51761 ;0,51591 ;0,51487 ;39,913 ;40,149 ;39,706 ;16,868 ;16,696 ;16,755 ;1,602 ;1,608 ;1,615 ;1,813 ;1,781 ;1,780 ;-0,00155E+03;0,00007E+03;-0,00013E+03;0,28210E+03;0,28385E+03;0,29093E+03;240,400 ;239,439 ;240,180 ;NAN
192;2025/08/20;13:56:23;236;246,094 ;245,965 ;245,853 ;245,971 ;0,28507E+03;0,28661E+03;0,29077E+03;0,28748E+03;36,069E+03;36,641E+03;37,054E+03;109,764E+03;57,013 ;57,019 ;60,171E+03;60,226E+03;61,134E+03;181,532E+03;70,154E+03;70,496E+03;71,487E+03;212,137E+03;0,51414 ;0,51976 ;0,51834 ;0,51742 ;40,005 ;39,957 ;39,868 ;16,726 ;16,939 ;16,680 ;1,594 ;1,609 ;1,603 ;1,820 ;1,793 ;1,793 ;0,00103E+03;0,00071E+03;-0,00065E+03;0,28785E+03;0,28455E+03;0,29223E+03;240,249 ;239,635 ;240,401 ;NAN
193;2025/08/20;13:56:23;738;245,875 ;245,776 ;245,650 ;245,767 ;0,28648E+03;0,28896E+03;0,29280E+03;0,28941E+03;36,406E+03;37,077E+03;37,615E+03;111,098E+03;57,020 ;57,016 ;60,299E+03;60,572E+03;61,308E+03;182,179E+03;70,437E+03;71,019E+03;71,927E+03;213,383E+03;0,51686 ;0,52207 ;0,52296 ;0,52065 ;39,446 ;39,897 ;39,714 ;16,545 ;16,986 ;16,808 ;1,602 ;1,596 ;1,611 ;1,810 ;1,788 ;1,784 ;0,00088E+03;-0,00050E+03;0,00114E+03;0,28349E+03;0,27731E+03;0,28526E+03;239,152 ;238,731 ;238,887 ;NAN
194;2025/08/20;13:56:24;235;245,634 ;245,495 ;245,376 ;245,502 ;0,28574E+03;0,28762E+03;0,29148E+03;0,28828E+03;36,665E+03;37,302E+03;37,725E+03;111,692E+03;57,016 ;57,012 ;59,849E+03;59,950E+03;60,763E+03;180,562E+03;70,187E+03;70,608E+03;71,521E+03;212,316E+03;0,52239 ;0,52830 ;0,52746 ;0,52607 ;38,816 ;40,116 ;39,745 ;16,379 ;16,781 ;16,845 ;1,596 ;1,604 ;1,599 ;1,787 ;1,798 ;1,803 ;0,00004E+03;0,00038E+03;-0,00136E+03;0,28902E+03;0,28511E+03;0,29084E+03;240,526 ;240,410 ;239,292 ;NAN
195;2025/08/20;13:56:24;736;245,716 ;245,628 ;245,518 ;245,621 ;0,28588E+03;0,28787E+03;0,29197E+03;0,28857E+03;36,580E+03;37,186E+03;37,675E+03;111,441E+03;57,025 ;57,026 ;59,969E+03;60,141E+03;60,985E+03;181,095E+03;70,245E+03;70,709E+03;71,684E+03;212,638E+03;0,52075 ;0,52590 ;0,52557 ;0,52409 ;39,585 ;39,920 ;39,748 ;16,375 ;16,684 ;17,052 ;1,618 ;1,601 ;1,591 ;1,812 ;1,804 ;1,806 ;0,00011E+03;-0,00092E+03;0,00065E+03;0,29569E+03;0,29261E+03;0,29275E+03;240,136 ;239,980 ;240,009 ;NAN
196;2025/08/20;13:56:25;236;246,000 ;245,918 ;245,800 ;245,906 ;0,28725E+03;0,28954E+03;0,29367E+03;0,29015E+03;36,528E+03;37,149E+03;37,688E+03;111,365E+03;57,024 ;57,035 ;60,490E+03;60,743E+03;61,565E+03;182,797E+03;70,663E+03;71,202E+03;72,185E+03;214,050E+03;0,51693 ;0,52174 ;0,52211 ;0,52028 ;39,756 ;39,852 ;39,748 ;16,827 ;16,588 ;16,826 ;1,602 ;1,609 ;1,601 ;1,802 ;1,775 ;1,780 ;-0,00013E+03;-0,00021E+03;-0,00109E+03;0,28667E+03;0,29152E+03;0,29408E+03;240,112 ;239,624 ;239,659 ;NAN
197;2025/08/20;13:56:25;736;245,721 ;245,602 ;245,482 ;245,602 ;0,28697E+03;0,28885E+03;0,29309E+03;0,28964E+03;36,641E+03;37,213E+03;37,722E+03;111,576E+03;57,026 ;57,020 ;60,247E+03;60,399E+03;61,267E+03;181,913E+03;70,514E+03;70,942E+03;71,949E+03;213,405E+03;0,51962 ;0,52455 ;0,52429 ;0,52283 ;39,694 ;40,053 ;39,757 ;16,458 ;16,844 ;16,824 ;1,617 ;1,601 ;1,596 ;1,813 ;1,797 ;1,782 ;-0,00034E+03;0,00051E+03;0,00059E+03;0,28761E+03;0,28034E+03;0,28589E+03;240,258 ;239,754 ;239,134 ;NAN
198;2025/08/20;13:56:26;235;245,608 ;245,449 ;245,325 ;245,461 ;0,28509E+03;0,28709E+03;0,29053E+03;0,28757E+03;36,554E+03;37,269E+03;37,627E+03;111,451E+03;57,019 ;57,010 ;59,722E+03;59,804E+03;60,532E+03;180,058E+03;70,021E+03;70,466E+03;71,274E+03;211,761E+03;0,52205 ;0,52889 ;0,52793 ;0,52631 ;39,943 ;39,599 ;39,919 ;16,512 ;16,799 ;16,870 ;1,603 ;1,592 ;1,596 ;1,828 ;1,791 ;1,800 ;-0,00062E+03;-0,00010E+03;0,00025E+03;0,29471E+03;0,29148E+03;0,29395E+03;240,378 ;240,799 ;239,914 ;NAN
199;2025/08/20;13:56:26;738;245,783 ;245,714 ;245,596 ;245,698 ;0,28574E+03;0,28779E+03;0,29184E+03;0,28845E+03;36,480E+03;37,110E+03;37,590E+03;111,180E+03;57,026 ;57,038 ;60,011E+03;60,193E+03;61,026E+03;181,230E+03;70,229E+03;70,714E+03;71,674E+03;212,617E+03;0,51945 ;0,52479 ;0,52445 ;0,52291 ;39,654 ;39,827 ;40,045 ;16,678 ;16,535 ;17,107 ;1,600 ;1,613 ;1,596 ;1,819 ;1,808 ;1,807 ;0,00001E+03;0,00050E+03;-0,00004E+03;0,29281E+03;0,29401E+03;0,29308E+03;239,782 ;240,155 ;240,170 ;NAN
200;2025/08/20;13:56:27;237;245,979 ;245,867 ;245,752 ;245,866 ;0,28858E+03;0,29038E+03;0,29469E+03;0,29122E+03;36,638E+03;37,203E+03;37,693E+03;111,534E+03;57,024 ;57,028 ;60,799E+03;60,935E+03;61,839E+03;183,573E+03;70,985E+03;71,394E+03;72,421E+03;214,800E+03;0,51613 ;0,52109 ;0,52047 ;0,51924 ;38,945 ;40,063 ;39,559 ;16,854 ;16,823 ;16,852 ;1,597 ;1,598 ;1,595 ;1,841 ;1,813 ;1,812 ;0,00042E+03;-0,00039E+03;0,00005E+03;0,28310E+03;0,28434E+03;0,28676E+03;239,356 ;238,636 ;239,035 ;NAN
201;2025/08/20;13:56:27;738;245,656 ;245,529 ;245,403 ;245,529 ;0,28718E+03;0,28928E+03;0,29324E+03;0,28990E+03;36,690E+03;37,326E+03;37,806E+03;111,822E+03;57,024 ;57,016 ;60,255E+03;60,427E+03;61,231E+03;181,912E+03;70,546E+03;71,026E+03;71,961E+03;213,533E+03;0,52008 ;0,52553 ;0,52536 ;0,52367 ;39,780 ;40,173 ;39,698 ;16,816 ;17,020 ;16,986 ;1,606 ;1,600 ;1,613 ;1,840 ;1,828 ;1,808 ;0,00037E+03;-0,00008E+03;0,00076E+03;0,28172E+03;0,27943E+03;0,28239E+03;239,313 ;238,862 ;238,872 ;NAN
202;2025/08/20;13:56:28;236;245,591 ;245,453 ;245,361 ;245,468 ;0,28396E+03;0,28621E+03;0,28931E+03;0,28649E+03;36,448E+03;37,254E+03;37,596E+03;111,298E+03;57,022 ;57,037 ;59,456E+03;59,559E+03;60,212E+03;179,227E+03;69,738E+03;70,251E+03;70,986E+03;210,975E+03;0,52264 ;0,53030 ;0,52963 ;0,52754 ;39,633 ;39,944 ;39,762 ;16,376 ;16,671 ;17,101 ;1,602 ;1,593 ;1,596 ;1,833 ;1,800 ;1,808 ;0,00004E+03;-0,00059E+03;-0,00183E+03;0,29593E+03;0,29403E+03;0,29231E+03;240,878 ;240,508 ;241,349 ;NAN
